1040 1506
832 87 865 105 ³31

108 146 141 161 res,
153 140 259 158 diffinitores
271 141 289 157 et
298 139 400 157 amicabiles
408 137 533 161 compositores
541 138 597 155 eciam
605 137 627 155 de
632 138 701 160 gremio
709 138 727 154 ot
735 137 808 159 collegio
819 137 866 159 capi-

108 167 140 185 tuli
154 166 228 190 predicti
244 166 351 187 nominandi,
369 165 452 188 elligendi
469 167 486 183 et
503 164 610 185 assumendi,
628 165 646 182 et
663 165 682 181 in
699 168 729 181 eos
745 164 763 181 et
779 163 867 186 quoslibet

108 194 151 211 alios
163 198 266 211 communes
278 193 343 210 amicos
355 193 373 210 in
385 192 488 215 plenissima
501 193 519 209 et
533 192 621 209 latissima
635 191 692 209 forma
706 191 756 208 iuxta
773 190 867 208 dictionem

109 221 208 243 sapientum
220 219 373 242 compromittendi
385 219 474 241 dandique
486 219 503 236 et
514 218 650 236 transiundendi
664 218 735 241 plenam
750 219 768 235 et
782 218 867 235 omnimo-

109 247 150 265 dam
161 248 267 270 potestatem
283 251 303 264 ae
315 246 388 264 liberam
404 246 507 263 facultatem
525 245 591 263 eisdem
608 245 683 266 arbitris,
700 244 832 263 arbitrator-ibus
849 245 867 262 et

109 273 231 292 amicabilibus
243 273 389 296 compositoribus
403 272 495 290 ordinandi
507 273 525 290 et
536 272 640 295 disponendi
651 272 674 289 de
685 272 737 290 dictis
748 272 800 292 villis.
813 271 867 289 dorni-

108 301 147 321 bus,
165 301 212 321 ortis,
231 301 277 318 areis
295 301 314 317 st
324 305 385 317 earum
397 299 519 322 disposicione,
535 299 660 316 distribucione
672 300 690 317 et
700 299 806 321 prouisione,
822 298 867 316 desi-

108 327 175 349 gnandi
186 328 204 344 et
215 326 340 349 distingwendi
352 331 383 349 pro
394 326 440 344 bono
451 326 501 348 pacis
513 327 531 343 st
542 326 611 343 comodi
623 325 698 343 lundum
709 326 819 348 prepositure
830 330 869 348 pre:

109 354 155 371 dicte
167 353 275 372 Gneznensis
287 358 298 371 a
309 354 398 371 communi
410 358 472 370 mensa
487 352 559 375 capituli
574 352 653 370 eiusdem
669 352 742 370 ecclesie
754 352 867 372 Gneznensls,

109 386 177 399 necnon
189 380 290 401 arbitrandi,
302 380 391 401 laudandi,
403 379 519 403 componendi
530 380 631 400 summarie.
649 379 752 402 simpliciter
760 380 777 397 et
786 378 809 396 de
815 379 867 402 plano

109 413 130 425 ac
141 408 180 425 sine
191 408 266 430 strepitu
277 407 337 430 iudicij
351 408 368 424 et
379 407 443 429 figura,
454 406 605 429 rennnciandlque
618 406 700 424 omnibus
712 407 729 423 et
740 406 816 428 singulis
828 406 868 423 iuri-

109 435 147 455 bus,
159 434 224 455 litibus.
237 434 366 456 controuersiis,
378 434 481 456 priuilegijs,
493 434 589 456 sentencijS
597 433 698 450 dii'fmitiuis
708 432 787 450 iudicum
798 433 816 450 et
824 432 868 450 arbi·

109 462 176 479 tromm
188 466 339 484 quorumcumque
351 462 368 478 et
380 460 546 478 conseruacionibus
553 460 671 478 Romanorum
678 459 783 482 pontificum
793 459 868 482 desuper

109 489 195 506 emanatis
207 489 225 505 et
236 488 311 505 decretis
323 487 469 510 quibuscumque,
481 492 550 504 necnon
557 487 634 507 statutis,
646 487 741 509 rescriptis,
753 486 868 504 conswetudi-

110 515 167 535 nibus,
179 514 321 537 apellaeionibus,
340 515 359 532 iu
375 515 464 536 integrum
479 513 622 531 restitucionibus
634 514 651 531 et
662 514 742 531 recursui
753 513 834 531 habendo
845 513 868 531 ad

110 542 202 559 arbitrium
213 541 255 559 boni
266 542 305 562 viri,
323 546 343 559 ac
359 541 464 563 generaliter
478 541 559 558 omnibus
576 541 597 558 ut
613 540 688 562 singulis
705 540 839 563 excepcionibus
851 541 869 557 st

110 568 246 589 deleusiouibus,
264 568 298 586 sibi
310 568 332 585 de
343 568 381 585 iure
392 568 421 585 uel
432 568 455 585 de
466 567 513 585 lacto
529 566 674 590 competentibus,
691 572 723 589 per
734 572 768 589 que
780 570 812 584 seu
823 571 868 589 quas

110 595 205 616 sentencia,
221 594 300 616 laudum,
318 594 412 615 ordinacio,
431 594 523 612 arbitrium
535 595 553 612 et
563 595 626 616 queuis
643 594 678 611 alia
695 593 789 616 disposicio
801 594 820 611 in
831 598 868 616 pre-

111 622 169 640 missis
180 621 289 645 prefatorum
304 621 414 639 dominorum
433 621 538 639 arbitrorum
557 622 575 638 et
593 620 712 639 amicabilium
731 621 868 643 compositorum

110 650 170 672 posset
183 649 284 671 impugnari
296 649 326 666 aut
338 649 401 671 quouis
412 648 469 669 modo,
486 653 545 668 causa,
561 648 618 665 colore
629 649 647 665 et
658 648 750 665 occasione
761 648 780 665 in
791 648 828 665 toto
839 647 869 665 uel

110 676 128 693 in
139 676 189 698 parte
200 675 267 696 violari,
285 675 417 697 subiciendique
434 675 509 693 eundem
528 674 620 692 dominum
636 675 772 692 constituentem
788 676 806 692 et
817 679 869 692 suam

110 703 239 725 preposituram
256 707 277 720 ac
294 707 405 720 successores
423 707 465 720 suos
481 707 526 724 pene
543 702 654 724 peccuniam
668 706 724 723 vsque
741 701 764 719 ad
780 703 869 719 summam

110 730 185 752 quatuor
196 729 272 747 millium
283 729 392 749 ducatorum.
409 734 477 746 necnon
492 729 571 746 censuris
589 729 607 746 et
622 729 718 751 sentencijs
730 728 869 746 excommunicor

110 757 166 774 cionis
178 756 318 779 quibuscumque
332 756 354 773 de
365 756 475 773 obseruando
490 755 567 776 arbitrio,
582 755 694 773 ordinacione
710 756 728 773 et
739 755 869 773 sentencia-um

110 782 197 801 dictorum
216 783 414 806 compromissariorum,
438 782 548 803 arbitrorum,
570 782 694 800 arbitraturum
713 783 731 799 ei.
749 781 870 800 amicabilium

110 811 252 833 compositorum,
264 810 356 832 ipsamque
368 810 482 830 sentenciam,
494 809 572 830 laudum,
584 809 719 830 ordinacionem,
734 808 870 831 disposicionem

110 838 128 854 et
144 837 289 855 arbitramentum
309 836 417 859 approbandi
437 838 454 854 et
473 836 589 858 omologandi,
609 837 727 853 iuramentum
746 835 870 858 quodcumque

111 864 157 882 circa
168 864 255 886 premissa
266 864 386 881 necessarlum
398 865 416 881 et
427 864 546 886 opportunum
563 864 581 880 in
597 863 675 880 animam
692 863 749 885 ipsius
769 862 836 882 domini
852 863 870 880 et

110 890 177 908 domini
188 891 311 908 constituentis
322 890 436 913 presentsndi
447 891 465 907 et
477 895 598 912 quascumque
609 890 653 907 alias
665 890 763 910 cauciones,
775 889 870 907 firmitates

110 919 128 935 et
139 917 257 939 obligaciones
275 918 345 935 nomine
361 917 440 935 eiusdem
457 917 524 934 domini
540 918 558 934 et
574 916 640 934 domini
652 917 774 934 constituentis
793 916 870 934 tacieudi

110 945 128 962 et
139 949 160 962 ex
172 944 246 962 aduerso
258 944 333 967 prestari
344 943 420 965 videndi,
432 944 526 966 ipsumque
538 943 629 961 dominum
641 944 778 961 constituentem
789 948 820 966 pro
832 948 869 966 pre·

111 971 170 989 missis
182 971 297 989 obseruandis
309 970 428 988 iurisdiccioni
435 970 514 988 iudicum
522 970 650 988 ordinariorum
660 975 812 993 quorumcumque
823 970 870 988 subi-

111 998 173 1019 ciendi,
185 1003 240 1015 vnum
252 997 280 1015 uel
292 998 351 1020 plures
363 999 492 1020 procuratorem
501 1002 533 1015 seu
540 999 662 1020 procuratores
670 997 708 1015 loco
716 997 744 1015 sui
751 996 870 1015 substituendi

111 1025 193 1048 ipsosque
205 1024 299 1043 reuocandi
311 1026 329 1042 et
340 1029 385 1042 onus
400 1024 501 1042 huiusmodi
516 1025 646 1047 procurationis
658 1025 676 1041 in
688 1029 708 1042 se
718 1023 841 1042 reassumendi
852 1024 870 1041 et

111 1052 216 1074 generaliter
232 1052 292 1069 omnia
308 1053 326 1069 et
337 1051 407 1074 singula
419 1051 454 1069 alia
465 1051 546 1072 faciendi,
566 1056 600 1074 que
612 1052 631 1068 in
641 1051 733 1073 premissis
745 1052 763 1068 et
774 1051 821 1069 circa
832 1055 869 1073 pre-

111 1079 166 1096 missa
177 1080 195 1096 et
207 1083 267 1096 eorum
279 1078 369 1101 quodlibet
385 1078 485 1096 necessaria
500 1078 567 1096 suerint
581 1083 613 1096 seu
625 1077 755 1100 quomodolibet
766 1078 869 1100 opportuna,

112 1106 168 1123 eciam
184 1105 199 1122 si
214 1105 261 1126 talis,
279 1110 314 1127 que
330 1105 433 1123 mandatum
451 1105 508 1127 magis
524 1106 596 1127 exigant
612 1104 694 1127 speciale,
711 1106 729 1122 et
745 1109 779 1127 que
795 1105 870 1127 ipsemet

111 1132 193 1150 domiuus
205 1133 223 1150 et
234 1132 316 1150 dominus
331 1133 439 1150 constituens
455 1132 522 1150 iaceret
537 1134 555 1149 et
567 1132 624 1149 tacere
641 1133 706 1155 posset,
722 1132 738 1149 si
749 1131 841 1154 premissis
853 1133 871 1149 et

111 1159 184 1177 cuilibet
202 1160 328 1182 premissorum
348 1159 463 1182 personaliter
481 1159 578 1177 interesset.
610 1159 708 1176 Promitens
728 1158 782 1176 michi
802 1159 870 1176 notai-io

111 1186 181 1209 publico
193 1186 305 1209 inii-ascripto
317 1186 437 1209 sollempniter
455 1186 547 1208 stipulanti
566 1187 584 1203 et
603 1186 693 1208 recipienti
704 1186 743 1203 vice
763 1187 780 1203 ei
799 1186 871 1203 nomine

112 1213 191 1230 omnium
203 1214 221 1230 et
232 1213 347 1235 singulorum.
359 1218 434 1235 quonim
446 1213 523 1233 interest,
536 1218 555 1230 se
567 1214 630 1233 ratum,
646 1213 717 1235 gratum
733 1214 786 1236 atque
797 1212 870 1230 firmum

112 1241 196 1262 perpetuo
208 1241 267 1258 tenere
279 1241 297 1257 et
308 1240 432 1257 inuiolabiliter
444 1240 537 1257 obseruare
553 1244 604 1257 omne
616 1239 635 1257 id
646 1241 664 1257 et
675 1239 761 1262 quidquid
772 1244 803 1262 per
814 1239 871 1262 prsis-

112 1268 150 1284 tum
165 1271 218 1284 suum
236 1267 367 1289 procuratorem
386 1268 404 1284 et
418 1267 456 1284 eius
471 1266 587 1284 substitutum
605 1266 701 1288 quemlibet
713 1267 777 1287 astum,
797 1266 870 1286 factum,

112 1295 187 1315 gestum,
204 1293 304 1311 ordinatum
321 1293 375 1311 inerit
386 1294 405 1311 in
416 1294 512 1316 premissis,
532 1298 598 1311 necnon
613 1293 678 1311 iudicio
693 1293 732 1310 sisti
744 1294 762 1310 et
773 1292 871 1310 iudicatum

112 1320 162 1341 solui,
182 1321 265 1343 ipsosque
279 1325 331 1338 suuni
343 1321 474 1343 procuratorem
494 1325 514 1338 ae
535 1320 640 1338 substitutos
660 1320 682 1339 ab
700 1325 721 1337 eo
739 1320 758 1337 et
775 1319 872 1342 quemlibet
