1040 1506
811 95 844 112 51⁷

84 144 130 163 dinis
142 144 200 162 studio
212 149 253 162 curn
265 145 393 167 tranquillitate
404 145 490 162 mentium
503 146 521 162 et
532 145 613 168 proiectu
623 145 722 163 animarum
730 143 845 162 benedicatur

84 171 187 189 Altissimus
199 176 220 189 ac
232 170 332 189 diuinorum
350 171 408 189 cultus
420 171 523 189 continuum
535 172 621 195 suscipiat
632 172 767 191 incrementum,
784 171 844 188 nostre

83 198 176 220 uigilantia
187 203 238 216 curas
250 197 348 216 sementina
360 197 470 219 adhibemus,
486 203 555 216 necnon
569 203 594 219 ea,
611 203 646 221 que
656 199 749 221 propterea
760 197 844 219 comperi-

84 230 124 242 mus
135 225 170 242 τίω
180 225 233 245 iacta,
244 226 266 242 ut
276 225 344 243 illibata
355 225 456 248 peisistant,
468 224 547 246 libenter.
560 230 601 243 cum
613 230 624 243 a
635 225 686 243 nobis
692 224 763 247 petitur,
776 224 844 246 aposto-

83 252 113 269 lici
125 252 228 269 muniminis
239 251 316 274 presidio
327 252 436 269 roboramus.
459 252 506 269 Sane
517 252 623 270 venerabilis
638 251 697 269 fratris
709 251 765 269 nostri
776 250 844 268 Alberti

84 278 211 301 archiepiscopi
223 279 241 296 et
252 278 356 296 dilectorum
367 278 444 296 filiorum
457 279 531 301 capituli
547 278 655 296 Gneznensis
667 278 718 296 nobis
730 282 786 300 nuper
797 276 844 294 exhi-

83 305 121 323 bita
131 305 193 328 petitio
205 305 311 326 continebat,
323 305 370 327 quod
378 305 420 323 olim
429 305 572 328 archiepiscopus
583 305 663 328 prelatus
676 304 773 325 uenustati,
785 303 844 321 decori

84 333 102 349 et
113 332 167 349 statui
178 336 243 355 sponse
260 336 292 349 sue
308 331 416 350 Gneznensis
434 332 509 349 ecclesie
526 333 544 349 et
561 332 608 350 illius
624 336 740 355 personarum
757 331 843 348 mentium

84 359 139 381 quieti
155 363 176 376 ao
194 359 286 381 utrlusque
302 363 355 376 sexus
373 358 395 376 ad
412 358 461 376 illam
478 358 607 377 confluentium
623 358 725 377 huiusmodi
744 358 843 375 animarum

84 386 137 403 saluti
148 385 247 406 intendens,
259 390 313 408 super
323 385 360 408 hijs
372 390 413 403 curn
424 385 498 408 prefatis
510 386 587 409 capitulo
595 385 671 403 diuersis
679 385 783 403 tractatibus
795 384 844 402 babi-

84 413 107 430 tis
122 417 143 430 ac
160 413 230 430 matura
246 412 371 430 deliberatione
388 413 454 435 preuia,
471 412 493 430 de
508 417 596 430 consensu
612 412 714 430 eorumdem
728 411 801 434 capituli
812 416 844 434 pro

84 439 160 457 uberiori
171 439 323 457 administratione
340 439 459 460 luminarium,
476 440 515 457 tum
531 439 565 457 olei
581 440 599 457 et
615 439 689 457 aliorum
709 438 731 456 ad
747 438 815 456 cultum
826 438 844 455 et

83 465 192 483 sacrificium
211 465 292 483 diuinum
311 466 455 487 necessariorum,
472 465 546 484 decimis
559 466 581 484 ad
598 466 632 484 hoc
649 466 738 489 deputatis
755 464 843 487 quasdam

84 497 138 516 penas
150 493 168 510 et
179 492 255 510 mulctas
267 492 289 510 ad
301 497 345 510 usus
357 492 484 516 archiepiscopi
492 493 605 514 Gneznensis,
617 498 649 516 pro
660 494 739 515 tempore
747 491 844 512 existentia

84 519 142 541 colligi
161 519 227 540 solitas.
247 524 316 537 necnon
335 524 412 537 annuam
432 520 535 542 pensionem
556 519 618 537 decern
635 519 714 543 lapidum
733 519 772 542 sepi
791 523 844 541 snper

85 546 159 564 macello
170 546 218 569 opidi
230 546 338 569 Zneynensie
350 551 371 564 ac
382 547 400 564 in
413 547 461 564 Gom
472 547 490 564 et
501 547 543 564 Θυῖα
554 546 683 565 Dzbarensibus
695 545 780 566 adiunxit,
792 548 813 566 ac
824 546 845 562 ut

85 574 124 596 ipsa
135 573 196 591 diuina
207 573 225 590 in
238 572 286 591 dieta
297 573 372 591 ecclesia
384 573 453 591 iestiuis
465 573 528 591 diebus
540 573 626 591 celebrius
638 573 706 594 fierent,
719 578 740 590 ac
751 572 789 590 dics
801 572 844 589 cele-

83 600 124 618 bres
141 605 153 617 a
166 604 201 617 non
213 599 311 617 celebribus
327 600 404 617 discerni
421 601 494 623 possent
512 613 783 618 ..................
786 603 789 606 ·
799 598 845 616 deci-

84 631 132 645 mam
144 626 277 649 manilpularem
289 627 308 644 in
318 626 419 647 Lubinensi,
431 626 520 644 Pisdrensi
535 627 647 645 districtuum
659 628 677 644 et
688 628 709 644 ut
719 627 781 644 sancto
793 625 845 643 Adai—

83 654 138 674 berto,
150 654 207 676 ipsius
219 653 292 671 ecclesie
304 654 383 676 patrono,
402 653 458 671 honor
469 653 539 671 debitus
555 653 690 676 impenderetur,
707 654 725 671 in
737 653 846 674 Wisznyewa

84 681 102 697 et
112 680 198 702 Lawky,¹)
214 680 322 698 Gnezuensis
334 680 409 698 dios-esis
420 680 502 698 villarum
518 680 601 701 decimas,
617 685 651 703 que
663 680 685 698 ed
697 684 777 698 mensam
790 679 845 697 archi-

84 707 203 730 episcopalem
215 707 336 725 Gneznensem
352 707 468 730 pertinebant,
484 707 535 725 ulturi
547 707 611 730 prelati
623 720 844 725 ..............

85 774 273 778 ............
285 760 363 782 donauit,
375 766 396 779 ec
408 761 463 779 altare
474 761 574 784 predictum
582 766 622 779 cum
631 762 669 779 eius
677 760 764 779 fructibus
776 760 845 778 dilectis

85 787 128 810 iilijs
139 788 250 805 vniuersitati
263 788 368 805 vicariorum
381 788 509 805 canonicalium
521 788 568 805 dicte
580 788 654 806 ecclesie
668 788 727 805 uniuit
738 789 756 805 et
767 788 845 810 incorpo-

84 815 130 832 nuit
142 819 163 832 ac
175 814 264 836 quondum
275 814 361 832 Budiconi
374 814 415 832 olim
427 816 511 838 perpetuo
523 815 589 832 vicario
601 814 623 832 ad
635 815 694 838 ipsum
706 814 760 832 altare
772 814 795 832 de
808 814 845 831 uite

85 842 102 859 et
113 842 172 859 uictus
184 841 289 864 necessariis
301 841 379 864 prouidit
391 842 408 859 et
419 846 451 864 pro
463 843 538 864 quatuor
555 841 636 859 discretis
652 843 670 859 et
680 841 753 864 ydoneis
765 840 845 859 sacerdo·

84 868 132 886 tibus
144 873 175 891 per
187 873 261 886 examen
278 868 297 886 in
314 868 389 886 scientia
406 868 467 891 peritis
484 873 516 891 pro
534 869 612 891 tempore
624 869 703 891 repertis,
720 868 751 890 qui
763 867 785 885 ad
797 869 846 885 certa

84 895 145 913 diuina
157 894 217 912 officia
229 895 247 912 in
259 894 307 913 dicta
319 895 394 913 ecclesia
405 895 511 918 peragenda,
524 895 644 913 confessiones
652 896 732 913 omnium
744 894 767 912 ad
778 894 844 912 dictam

84 922 177 939 ecclesiam
189 921 323 943 confluentium,
340 921 442 940 huiusmodi
459 922 479 939 in
496 922 568 940 sedibus
586 922 611 940 eis
623 926 654 945 pro
666 923 744 945 tempore
756 921 845 944 deputatis

84 948 186 969 audiendas,
202 949 220 966 ct
231 948 279 971 apud
291 949 384 966 ecclesiam
395 949 483 971 prefatam
495 949 598 967 continuam
609 948 719 971 personalem
732 948 846 966 residentiam

83 975 183 993 faciendam
195 976 255 993 essent
267 976 339 996 astricti,
351 977 427 998 quatuor
438 975 501 993 altaria
512 976 531 993 in
543 975 605 993 eadem
617 976 697 996 eeclesia,
711 975 734 993 de
745 975 796 993 bonis
807 980 845 998 pre-

84 1002 120 1020 tate
132 1007 193 1019 mense
204 1002 270 1023 dotata,
288 1007 363 1024 quorum
381 1002 475 1020 cuiuslibet
491 1003 550 1020 rector
563 1002 632 1020 nullum
648 1003 709 1025 posset
720 1002 769 1020 aliud
779 1002 845 1019 benefi-

84 1029 130 1046 cium
143 1028 226 1050 obtinere,
244 1034 265 1047 an
277 1034 308 1052 pro
320 1030 406 1051 magistro
423 1029 442 1047 in
454 1029 543 1051 theologia
553 1034 607 1047 vnam
624 1030 642 1047 et
653 1029 724 1047 doctore
740 1029 759 1047 in
770 1028 846 1046 decretis

83 1055 116 1073 sub
129 1056 177 1073 certa
188 1055 246 1073 forma
257 1061 289 1078 pro
300 1057 380 1079 tempore
392 1056 509 1077 assumendis,
522 1056 576 1074 aliam
587 1056 644 1079 ipsius
656 1056 730 1074 ecclesie
741 1055 846 1078 prebenda&

84 1082 153 1100 illarum
165 1083 280 1100 canonicatus
298 1082 421 1105 extinguendo,
439 1088 514 1105 quornm
531 1082 604 1105 quilibet
615 1083 665 1101 iuxta
676 1083 763 1105 generalis
776 1082 844 1105 concili]

83 1108 173 1127 decretum
186 1110 271 1132 magister
282 1109 366 1127 uidelicet
377 1110 395 1127 ln
407 1109 495 1132 theologia
507 1110 525 1127 et
536 1109 597 1127 doctor
604 1109 682 1133 {predicti
690 1110 709 1127 in
716 1110 754 1127 iure
762 1110 846 1127 canonico

83 1135 131 1154 horle
143 1136 281 1159 congruentibus
293 1137 311 1154 in
323 1136 393 1159 prefata
405 1136 480 1154 ecclesia
491 1141 523 1154 scu
535 1137 630 1157 lecterinio,
645 1136 668 1154 ad
679 1137 713 1155 hoc
724 1142 755 1160 pro
767 1138 846 1159 tempore

84 1162 173 1186 deputato,
185 1163 230 1181 duas
242 1163 271 1181 uel
284 1164 319 1181 tres
331 1163 415 1181 lectiones
427 1164 446 1181 in
454 1163 533 1186 qualibet
540 1163 639 1181 ebdomada
646 1164 706 1186 legere
714 1168 735 1181 ac
746 1168 778 1186 pro
790 1163 847 1181 solute

83 1190 183 1207 animarum
194 1190 325 1213 penitentiariJs
337 1190 383 1208 dicte
398 1190 472 1208 ecclesie
484 1191 502 1208 et
514 1190 559 1213 aliis,
576 1195 645 1208 necnon
657 1190 680 1208 ad
691 1190 790 1214 profectum
802 1191 846 1208 eius-

83 1216 123 1234 dem
136 1216 210 1234 ecclesie
222 1217 314 1234 consulere
325 1218 432 1237 tenerentur,
446 1218 546 1235 reseruauit
557 1218 575 1235 et
586 1217 683 1240 deputauit,
700 1222 721 1235 ac
733 1217 812 1240 cupienS.
827 1218 847 1234 ut

83 1243 197 1266 mansionarii
210 1248 242 1266 per
253 1243 298 1261 boue
310 1244 394 1261 memorie
405 1244 497 1262 Nicolaum
510 1244 663 1267 archiepiscopum
670 1244 797 1265 Gneznensem,
810 1249 847 1267 pre-

83 1269 196 1288 decessorem
208 1275 261 1288 suurn
274 1275 305 1293 pro
317 1270 380 1288 diurno
397 1271 463 1293 pariter
474 1272 492 1288 et
503 1272 589 1288 nocturno
605 1270 665 1288 officio
677 1271 699 1288 de
711 1271 763 1288 beata
774 1271 847 1292 Virgine

85 1297 102 1314 in
115 1297 163 1314 dicta
175 1297 251 1314 ecclesia
261 1296 371 1315 decantando
383 1298 465 1318 instituti,
482 1302 503 1315 ac
514 1302 568 1320 super
579 1298 632 1315 certis
644 1297 717 1315 decimis
730 1299 748 1315 et
759 1297 846 1315 fructibus

81 1323 104 1341 ad
121 1323 208 1346 prefatam
227 1328 307 1342 mensam
319 1324 446 1347 spectantibus,
464 1324 575 1342 sufficienter
589 1324 649 1345 dotati,
667 1324 747 1342 ordinem
764 1324 843 1342 nondum
