1040 1506
818 77 848 94 521

91 123 152 147 „fei-ijs
164 124 231 147 qumis
243 125 317 142 missam
335 129 366 147 pro
385 124 457 147 pecatis,
477 125 495 142 et
513 125 532 142 in
551 124 607 145 altari,
627 124 674 146 quod
691 125 770 142 Cawnon
782 125 851 146 dicitur,

90 152 159 172 „sancti
175 151 258 169 Iohannis
277 151 357 174 Baptiste
372 151 448 173 singulis
459 151 509 173 feriis
526 152 581 168 sextis
593 151 615 168 de
626 152 689 168 sancta
704 151 763 172 Cruce,
781 152 851 174 quando

90 178 147 199 „festa
158 178 244 196 solemnis
256 183 291 195 non
303 178 397 195 occurrunt
408 178 427 196 in
439 178 505 195 eisdem
518 178 580 195 diebus
592 179 610 195 et
618 179 669 200 copia
676 179 760 200 temporis
772 178 851 199 affuerit,

90 205 195 226 „decantare
212 207 243 222 aut
260 205 304 222 alias
316 205 374 227 legere
386 206 484 225 teneantur,
502 210 631 227 oneramlssque
643 205 749 226 magistrum
761 206 808 223 scole
820 211 851 228 pro

89 233 184 254 „ternporey
196 231 243 254 quod
255 231 278 249 ad
290 231 370 253 singulas
382 232 447 249 misses
459 231 579 249 decantandas
591 233 630 249 ocu)
641 232 718 249 scolares
731 232 851 249 adolescentes

90 258 171 279 „ordlnet
182 260 200 276 et
211 258 285 281 qullibet
302 259 439 281 penitenciali-ius
458 258 537 276 altar-iste
549 259 634 280 magistro
646 258 694 276 scole
706 263 760 275 unam
773 264 852 276 marcam

90 286 153 306 „annis
164 285 239 307 singulis
254 285 345 308 perpetuis
362 285 471 307 temporibus
488 285 583 307 persoluat,
601 285 726 303 nichilominus
744 286 803 303 temen
817 286 851 308 ipsi

89 312 219 334 „penitentiarij
233 312 268 329 alia
279 312 341 329 officia
352 312 370 329 et
381 317 435 329 onera
450 311 502 329 dictis
514 312 599 329 altaribus
611 312 694 334 imposita
705 317 737 334 per
749 317 769 329 se
780 312 809 330 uel
820 317 852 335 per

90 339 145 360 „elios
156 343 241 361 peragere
252 340 271 356 et
282 339 352 361 suplere
363 338 440 356 debeant
451 340 469 356 et
480 343 516 356 non
532 339 579 359 alibl,
595 343 648 360 quam
660 339 678 356 in
691 339 766 356 ecelesia
777 340 796 356 in
807 339 851 356 sedi-

89 365 133 386 „bus
145 370 177 382 seu
189 365 278 383 cathedris
295 366 320 382 eis
338 365 427 387 deputatis
444 365 473 382 uel
489 365 595 388 deputandis
613 365 715 383 huiusmodi
731 365 851 383 consessiones

89 392 174 413 „audiant
185 393 203 409 et
214 392 313 412 absoluant,
325 397 394 409 necnon
406 392 429 409 ad
441 392 555 409 residentiam
567 392 678 414 personalem
691 393 793 410 continuam
805 393 851 410 tene-

89 420 157 440 „antur,
169 423 202 436 nec
213 419 285 436 ualeant
296 418 367 441 aliquod
379 418 486 436 beneficium
498 419 516 436 in
528 419 579 436 altari
591 423 624 436 seu
635 419 759 441 penitentian'a
770 420 850 440 retinere,

88 446 144 467 „alias
155 446 287 468 quamprimum
299 445 406 463 beneficium
419 446 500 463 curetum
509 450 530 462 ex
538 445 590 462 dictis
602 446 732 468 penitentiarijs
742 446 795 463 tuerit
803 446 851 463 aliud

88 473 197 493 ‚‚asseoutus,
209 472 289 495 ydoneus
301 472 436 494 penitentierius
449 473 533 489 canonice
545 472 563 489 in
575 472 633 489 locum
645 473 701 494 ipsius
714 472 736 490 ad
748 473 851 495 penitentia-

88 499 144 520 „riam
156 500 174 516 et
185 499 241 516 altare
252 500 359 521 surrogetur.
382 499 427 516 Item
438 504 546 521 quamquam
558 499 577 516 in
589 499 663 516 concilio
671 499 749 521 generali
761 500 785 517 sit
796 501 850 517 statu-

89 527 139 546 „tum
158 525 257 546 salubriter,
276 525 323 548 quod
340 525 418 548 quelibet
436 525 513 543 eeclesia
532 525 667 548 metropolitana
685 525 707 543 ad
725 527 784 543 nunus
795 531 851 544 vnum

89 553 206 574 „magistrum
221 553 240 570 in
251 552 340 574 theologia
351 552 420 573 habeat,
438 553 468 574 qni
479 552 580 570 secerdotes
597 554 615 570 et
627 552 670 569 alios
686 553 705 570 iu
717 557 768 570 secra
785 553 850 575 pagina

87 579 166 600 „doceat
179 580 196 596 et
208 579 262 596 etiam
273 578 309 601 hijs
321 579 414 601 presertim
429 579 517 599 informet,
534 584 568 601 que
580 579 603 596 ad
614 584 676 596 euram
688 579 789 596 animarum
800 584 850 602 spec-

88 607 137 626 „tare
148 605 269 625 dinoscuntur,
284 606 326 627 qula
337 607 398 623 tamen
410 606 428 622 in
440 607 500 623 nostra
512 606 587 623 ecclesia
599 606 734 628 metropolitana
746 605 849 627 Gneznensi,

88 633 117 653 „in
135 637 170 654 qua
185 633 254 654 septem
272 632 367 654 dignitates
386 633 404 649 et
423 633 487 654 viginti
505 633 581 654 quatuor
599 632 713 650 canonicatus
730 633 748 650 et
762 632 850 655 prebende

88 659 182 679 „distincte
194 659 216 676 ab
227 659 305 676 inuicem
317 658 429 676 sufficienter
440 658 500 676 dotate
512 659 595 680 existunt,
608 660 682 677 actenus
693 659 784 682 prefatum
795 660 850 677 statu-

88 686 138 706 „tum
149 685 227 703 salutare
238 686 266 703 est
277 686 383 707 neglectum,
401 690 433 703 nos
444 685 525 703 uolentes
536 685 639 703 huiusmodi
653 685 780 708 negligentiam
792 687 850 703 excut-

90 714 143 733 „tere,
163 712 222 730 habito
240 712 338 729 sufficienti
354 713 431 730 tractatu
448 713 466 730 et
483 712 552 734 digesto
569 712 641 730 oonsilio
659 712 734 730 fratrum
749 713 850 730 nostrorum

88 739 207 760 „Gneznensis
222 739 295 762 capituli
307 744 328 756 ac
339 738 361 756 de
373 739 452 761 ipsorum
467 739 592 757 ratihabitione
606 740 624 756 et
635 744 728 760 consensuv
745 739 768 757 ad
779 739 850 757 laudem

88 767 117 787 „et
128 766 202 788 gloriam
214 766 339 788 omnipotentis
351 766 389 786 Dei,
408 766 484 783 salutem
496 766 601 787 animarum,
619 766 718 788 profectum
734 767 751 783 et
766 766 850 783 honorem

87 794 159 813 „nostre
170 792 249 813 ecclesie,
262 793 333 813 attento,
346 792 393 814 quod
404 793 444 815 ipsa
455 793 530 810 ecclesia
542 798 573 815 per
584 793 657 814 longam
668 792 772 810 distantiam
785 798 795 810 a
806 793 850 810 locis

88 819 199 840 „studiorum
215 819 330 841 generalium,
347 820 365 837 in
377 819 441 842 quibus
458 820 509 842 copia
527 819 618 837 doctorum
635 824 686 837 sacre
701 820 766 842 pagine
777 821 795 837 et
806 820 850 837 iuris

87 846 179 867 „canonici
191 847 208 863 et
219 846 296 863 facultas
312 845 386 864 docendi
399 845 478 866 habetur,
496 846 579 868 elongata
595 847 622 863 est
637 847 690 868 atque
702 846 761 866 distat,
779 848 850 869 propter

87 872 145 895 „quod
157 872 217 895 sepius
229 873 303 890 consilia
313 874 351 890 tam
362 877 394 895 pro
406 873 463 890 salute
479 873 584 893 animarum.
602 878 656 895 quam
668 872 770 890 defensione
785 874 850 891 iurium

87 899 172 920 „ecclesie
191 899 283 917 commode
301 899 362 917 haberi
380 904 416 917 non
436 900 511 922 possunt
530 900 548 917 et
566 899 614 917 salus
632 900 731 917 animarum
743 904 764 917 ac
776 900 850 917 ecclesie

87 925 177 947 „defensio
198 926 318 948 negliguntur,
338 926 429 948 cupientes
449 931 526 944 unacum
546 926 598 943 dietis
616 926 701 943 fratribus
720 927 785 944 nostris
801 927 850 944 iuxta

87 952 232 975 „dispositionem
244 952 287 970 dieti
299 953 367 975 concilii
381 954 440 970 nostre
452 953 527 970 ecclesie
534 952 627 975 prouidere
638 954 656 970 et
668 952 712 970 duas
720 952 819 975 prebendas
831 954 849 970 in

88 979 147 1000 „dicta
159 980 219 997 nostre
231 979 330 997 Gneznensi
342 980 421 1000 ecclesia,
439 984 498 1000 vnum,
515 984 549 1001 que
561 979 619 997 dictur
636 979 725 1002 prebenda
742 979 764 997 de
775 980 848 1000 Faloow,

87 1011 152 1028 „quam
168 1006 275 1024 honorabilis
291 1006 374 1024 Nicolaus
392 1006 414 1024 de
426 1007 490 1027 Gorka,
506 1011 538 1028 pro
554 1007 639 1028 magistro
657 1007 675 1023 in
687 1006 780 1028 theologia,
796 1006 849 1024 aliam

87 1038 146 1054 „ueroy
164 1038 198 1055 que
215 1033 279 1050 dieitur
295 1032 384 1055 prebenda
402 1033 424 1050 de
436 1033 515 1051 Werocza
527 1033 571 1050 alias
583 1034 684 1055 Lopyenno,
701 1038 755 1055 quam
767 1033 849 1051 dominus

87 1059 181 1080 „Nicotaus
193 1059 214 1077 de
227 1060 322 1077 Cae-schemo
334 1059 357 1077 ad
368 1064 441 1082 presens
453 1059 536 1080 obtineat,
553 1065 584 1082 pro
596 1059 667 1077 doctore
685 1060 704 1077 in
715 1060 753 1077 iure
765 1061 849 1077 canonico

86 1086 223 1109 „deputauimus
235 1087 253 1104 et
265 1087 397 1108 assigneulmus
414 1091 435 1104 ec
450 1087 507 1104 eciam
524 1086 630 1109 deputamus
649 1088 667 1104 et
679 1087 797 1108 assignamus,
814 1087 849 1104 sta-

87 1114 200 1135 „tuimusque
212 1114 230 1130 et
241 1113 349 1134 ordinamus,
361 1112 408 1135 quod
420 1113 526 1130 uacantibus
538 1113 590 1130 dictis
603 1113 736 1131 canonicatibus
748 1114 765 1130 et
777 1113 849 1135 preben-

86 1139 125 1160 ‚,dis
136 1144 168 1162 per
180 1145 250 1157 cessum
262 1141 280 1157 et
291 1139 385 1157 decessum
397 1139 483 1157 dictorum
496 1139 564 1157 Nicolai
576 1141 593 1157 et
604 1139 672 1157 Nicolai
680 1145 712 1157 seu
722 1140 766 1157 alias
778 1140 848 1162 quouis-

86 1166 150 1187 „modo
167 1166 189 1184 de
201 1167 238 1184 iure
250 1166 279 1184 uel
296 1166 318 1184 de
330 1166 382 1187 taem,
401 1167 439 1189 ipse
452 1166 540 1189 prebende
552 1167 569 1184 et
581 1171 642 1184 earum
654 1166 732 1188 quelibet
743 1166 787 1184 nulli
799 1166 849 1184 alteri

86 1193 211 1214 „conferantur
226 1198 259 1211 nec
276 1193 339 1215 aliquis
356 1193 451 1215 recipiatur
469 1193 491 1210 ad
507 1192 584 1213 easdem,
602 1193 634 1210 sed
649 1192 672 1210 ad
683 1194 732 1215 ipsas
743 1193 848 1215 prebendas,

86 1224 172 1242 „quorum
184 1220 298 1237 canonicatus
310 1224 379 1237 exnunc
391 1221 443 1242 prout
454 1221 518 1237 extunc
531 1225 572 1237 curn
584 1219 630 1237 dieto
642 1221 702 1237 nostro
710 1220 787 1242 capitulo
795 1220 849 1237 extin⁴

86 1247 169 1268 „gaimus
181 1248 199 1264 et
210 1247 288 1264 tollimus
300 1247 318 1264 et
329 1246 394 1264 habere
406 1247 488 1264 uolumus
500 1251 532 1269 pro
544 1246 626 1264 extinctis
634 1247 651 1264 et
659 1246 751 1267 subblatis.
764 1246 787 1264 ad
795 1251 849 1264 vnam

86 1273 183 1295 „magister
194 1274 213 1291 in
224 1273 313 1295 theologia
324 1274 343 1290 et
354 1272 377 1290 ad
389 1273 443 1290 aliem
454 1273 515 1291 doctor
526 1274 545 1291 in
553 1273 591 1290 iure
601 1274 691 1294 canonico,
702 1274 755 1295 prout
767 1273 848 1295 superius

85 1299 203 1322 „dispositum
215 1301 247 1321 eet,
258 1305 291 1323 per
302 1304 334 1317 nos
346 1300 364 1317 et
375 1299 528 1323 archiepiscopum
539 1304 571 1323 pro
583 1300 667 1322 tempore,
679 1300 708 1317 uel
718 1304 739 1317 eo
749 1300 769 1317 in
776 1300 848 1317 remotis

750 1331 767 1345 oe
