1040 1506
831 86 861 103 181

98 134 218 157 predictarum
229 135 325 157 peragitur,
342 134 395 152 debet
411 139 443 157 per
459 135 577 152 memoratum
593 134 685 152 custodem
701 134 744 157 poni
760 135 792 152 aut
807 135 863 152 staini

98 166 154 179 vnum
166 162 258 184 capeciurn
269 166 324 184 supra
335 161 442 184 sepulcrum,
454 162 546 183 signanter
557 161 605 179 intus
617 161 684 179 formu
695 161 714 179 in
723 161 776 179 choro
784 162 863 179 erectum

99 189 117 206 et
128 189 175 206 circa
186 189 245 211 ipsum
257 188 358 211 sepulcrum
369 187 435 206 debent
445 188 500 206 locari
517 188 598 206 similiter
615 189 691 211 quatuor
705 188 810 206 candelabra
822 193 863 206 cum

98 215 195 233 luminibus
209 215 285 238 desuper
296 215 364 238 positis,
380 220 415 237 que
426 215 464 238 pari
479 215 530 233 modo
547 215 608 232 ardere
620 215 696 232 debeant
712 220 769 237 usque
785 215 808 233 ad
819 215 863 237 vigi-

99 242 163 260 liarum
175 243 193 259 et
204 242 299 259 missarum
317 242 459 264 complecionem.
483 242 527 259 Item
545 247 556 259 a
571 242 624 264 pulsu
642 242 755 259 excitacionis
771 241 793 259 de
810 246 863 259 mane

99 274 131 286 seu
142 269 226 291 quociens
238 269 309 291 tempus
321 269 339 286 et
350 268 394 286 hora
405 269 520 291 exposcuerit,
541 268 601 286 ardere
617 268 681 286 debeat
695 268 755 286 lumen
769 269 788 286 in
800 268 863 286 dormi-

99 296 143 313 θοι-10
155 296 173 313 et
185 295 253 313 ambitu
264 296 306 313 ante
317 295 429 318 capellamOE)
441 296 459 313 et
470 296 489 313 in
504 295 615 313 caletncwriu
633 300 690 318 usque
705 295 728 313 ad
744 295 816 313 lumlnIs
828 295 863 313 diei

99 322 203 343 almitatem,
215 323 235 340 ut
246 322 310 340 iratres
325 322 363 339 sine
375 327 468 345 corporum
485 322 584 340 offensione
601 323 642 339 eant
660 322 771 340 obedienciae
787 327 829 340 suas
846 323 864 340 et

99 349 134 367 alia
145 349 245 366 necessaria
257 349 326 366 facturi.
349 349 393 366 Item
405 349 479 371 quilibet
494 350 554 367 custos
566 354 597 371 pro
613 350 692 371 tempore
703 350 722 366 iu
734 349 813 367 custodie
824 349 863 367 ofli-

99 377 126 394 cio
138 377 221 397 existens,
238 375 342 393 subcustodi
359 381 391 399 pro
407 376 473 394 solacio
490 376 524 393 sibi
542 376 625 393 adiuncto
637 376 679 393 dare
696 376 720 393 sit
737 376 830 394 asstrictus
841 375 864 394 de

99 403 182 421 censn‘bus
193 402 277 425 predictis
289 402 312 420 VI
326 407 397 425 grossos
409 403 485 425 singulis
502 403 559 423 annis,
577 398 656 425 quod'eo
668 403 762 420 soliicicior
780 402 864 421 reddatur

99 430 146 447 circa
157 434 216 447 rerum
228 429 302 447 ecclesie
317 429 461 447 obseruaclonem
477 431 530 452 atque
548 430 627 452 Ipsarum
644 430 803 447 conseruacionem.
827 429 862 447 Hos

98 456 187 479 siquidem
199 456 281 474 articulos
293 457 405 479 prenarraws
417 461 437 474 eo
450 456 502 474 modo
514 458 567 479 atque
582 461 602 474 eo
618 456 684 477 ordine,
696 457 779 479 ,tempore
790 457 809 474 et
819 456 863 477 loco,

99 483 197 501 secundum
209 483 256 505 quod
267 483 375 506 premissum
387 484 419 504 est,
434 488 466 506 per
480 483 577 505 quemlibet
593 483 685 501 custodem
697 483 779 501 volumus
790 483 863 501 inuiola-

99 510 158 528 biliter
168 510 264 531 obseruari,
277 509 392 527 decernentes
400 511 461 527 tenore
470 510 587 532 presencium,
599 510 646 532 quod
654 510 676 528 de
684 510 814 531 subleuacione,
825 515 863 533 per-

100 538 182 560 cepcione
193 536 312 559 predictarum
324 537 400 559 quatuor
411 541 511 554 marcarum
527 537 593 554 nullus‘
601 538 681 554 nostrum
697 537 767 554 omnino
779 542 799 554 se
810 537 862 554 intro-

100 565 169 582 mittere
181 564 250 585 audeat,
262 568 295 581 nec
306 564 358 586 prior.
371 568 404 581 neo
416 563 502 586 subprior,
518 569 551 581 nec
563 564 668 585 cellerarius,
684 564 718 581 uisi
733 563 782 581 solus
797 565 863 585 custos,

99 592 120 608 ut
131 591 212 614 superius
224 591 251 608 est
263 595 374 613 expressum;
386 591 401 608 si
413 591 453 613 quis
463 591 523 608 autem
531 590 634 608 officialium
646 591 675 609 uel
685 591 748 613 aliquis
756 591 801 608 alius
811 595 863 608 secus

100 622 152 640 agere
163 618 296 640 presumpserit,
308 622 341 634 seu
352 622 383 635 ess
395 618 454 640 petere
466 618 544 640 recipere
556 617 678 639 quoquomodo
690 618 827 640 attemptauerit,
842 622 863 635 eo

100 645 173 662 instanti
188 645 206 662 et
223 645 262 667 ipso
278 644 325 661 facto
340 644 530 662 excommunicacionis
545 644 641 667 sentenciis
653 649 673 662 se
684 645 753 662 nouerit
769 644 863 665 irretitum,

99 676 143 693 quas
160 671 232 693 inquam
253 671 442 688 excommunicacionis
457 671 557 688 sentencias
574 671 678 688 auctoritate
693 671 743 688 nobis
761 671 783 689 ab
802 671 863 689 ordine

99 703 188 719 concessa,
202 697 276 715 ferimus
288 698 307 715 in
318 697 354 720 hijs
370 698 440 720 scriptis
456 698 474 715 in
486 702 547 715 onmes
561 698 627 721 pariter
638 698 657 715 in
669 702 733 720 genere
744 698 762 715 et
773 698 832 720 specie
844 698 863 715 iu

99 725 206 742 contrarium
214 724 305 745 iacientes,
317 725 335 742 ct
347 725 384 742 tarn
392 724 448 745 nobis,
460 729 514 747 quarn
522 725 587 742 nostris
594 724 732 745 successoribus.
744 725 795 742 istius
803 729 862 742 mona-

100 752 148 774 sterij
162 751 255 769 abbatibus
267 751 387 774 predictorum}
402 756 488 769 censuum
504 751 612 774 percipiendi
626 751 703 769 facultas
718 752 778 769 tenore
793 756 862 774 presen-

99 779 146 796 cium
158 778 228 801 penitus
240 779 264 796 sit
275 778 362 801 preclusa,
377 778 485 796 subicientes
500 783 533 796 nos
549 778 674 796 nichilominus
690 779 709 796 et
723 778 779 796 dictos
793 779 863 796 nostros

99 810 210 823 successores
223 805 328 822 correccioni
339 805 445 822 venerabilis
457 806 475 822 in
486 805 555 822 Christo
566 805 622 828 patris
630 806 648 822 et
656 805 728 826 domini,
740 805 807 823 domini
818 805 863 823 Hen-

98 833 130 850 n'ci
142 832 210 850 abbatis
223 832 241 849 in
252 831 341 852 Paradiso,
357 832 413 849 nostri
428 832 530 853 visitatoris,
546 833 562 849 si
577 837 622 850 ausu
639 832 732 849 temerario
747 832 766 849 in
781 832 862 850 fraudem

99 860 152 881 atque
164 859 261 881 dampnum
273 858 319 876 dicte
333 860 392 876 nostre
408 859 482 876 ecclesie
497 858 519 876 de
533 858 635 876 huiusmodi
651 864 737 876 censuum
748 859 863 881 percepcione

98 891 131 903 nos
143 887 160 903 et
171 886 227 903 nostri
238 890 351 903 successores
363 886 511 903 intromiserimus
524 891 544 903 ac
556 886 596 903 usui
606 887 666 903 nostro
674 886 799 908 qualicumque
811 885 862 903 modo

99 912 248 935 deputauerimus.
273 912 359 930 Volumus
371 912 444 935 insuper
455 914 473 930 et
484 913 544 930 tenore
555 913 668 935 presencium
684 912 800 933 declaramus,
815 912 863 934 quod

99 944 139 957 mox
151 940 169 957 et
182 939 200 957 in
212 939 314 960 continenti,
327 944 368 957 cum
380 938 438 957 dictus
450 939 586 957 Remschillinus
599 940 629 957 aut
640 940 669 957 sui
682 939 761 960 heredes,
773 944 862 957 summam

99 966 192 989 capitalem
203 966 286 984 videlicet
297 966 328 983 XL
343 971 443 983 marcarum
458 971 560 988 grossorum
575 966 631 987 nobis,
646 967 706 984 nostro
722 967 817 984 conuentui
832 967 863 983 aut

98 994 129 1010 vni
140 993 211 1010 nomine
222 993 278 1010 nostri
290 994 308 1010 et
319 992 361 1010 dicti
373 993 429 1010 nostri
439 994 537 1010 conuentus
549 994 650 1013 restituerit,
665 993 717 1011 debet
728 993 751 1011 ad
762 993 862 1016 depositum

99 1020 144 1042 poni,
157 1024 248 1042 quousque
261 1020 361 1037 consimiles
373 1024 438 1037 census
450 1020 542 1037 commode
558 1020 576 1037 in
591 1020 629 1037 loco
642 1025 719 1042 congruo
730 1020 802 1037 valeant
817 1025 862 1037 com-

99 1047 161 1069 parari.
184 1046 206 1064 Et
217 1046 265 1068 quod
277 1046 341 1064 efficax
352 1047 437 1069 perpetue
449 1048 553 1069 permaneat
563 1046 637 1069 predicti
645 1046 706 1064 fratris
717 1046 800 1064 Iohannis
812 1046 862 1064 dacio

98 1075 116 1091 et
127 1074 182 1091 nostri
194 1078 301 1091 conssensus
312 1074 378 1096 pariter
390 1074 408 1091 et
419 1078 504 1091 assensus
515 1073 608 1094 adhibicio,
619 1074 720 1096 presentem
735 1074 814 1091 nostram
825 1073 862 1091 lite-

98 1105 136 1118 ram
147 1100 166 1118 in
177 1101 219 1120 vim,
232 1100 332 1118 efficaciam
344 1101 362 1117 et
373 1100 426 1118 robur
441 1101 526 1123 perpetue
542 1100 632 1118 firmitatis
648 1100 706 1122 sigillo
721 1100 777 1118 nostri
788 1100 862 1123 predicti

98 1127 199 1148 visitatoris,
211 1128 271 1144 nostro
283 1128 336 1149 atque
348 1127 403 1144 nostri
415 1126 489 1150 predicti
501 1128 599 1145 conuentus
607 1127 682 1145 fecimus
691 1128 709 1144 et
719 1127 804 1144 iussimus
816 1132 862 1144 com-

99 1154 167 1172 munire
178 1154 246 1176 sigillis.
270 1154 336 1172 Datum
348 1154 367 1171 in
379 1154 429 1171 Velen
440 1155 546 1171 monasterio
563 1155 622 1171 nostro
636 1154 715 1176 predicto
730 1159 776 1171 anno
790 1154 862 1171 Domini

99 1180 192 1198 millesimo
204 1180 378 1203 quadringentesimo
389 1180 427 1202 XI‘,
439 1181 478 1203 ipsa
489 1180 583 1202 dominica,
595 1185 631 1203 qua
642 1181 661 1198 in
672 1181 748 1198 eeclesia
759 1180 792 1198 Dei
803 1182 862 1198 canta·

98 1208 127 1225 tur
138 1207 262 1225 Reminiscere.
285 1207 307 1225 Et
322 1212 344 1225 ne
360 1207 423 1230 aliquis
438 1208 457 1225 in
471 1208 562 1230 postenun
579 1207 625 1225 forte
640 1208 723 1225 causetur
737 1207 759 1225 oh
774 1208 862 1230 presentis

99 1234 178 1252 daz-ionis
188 1234 335 1252 testamentaliier
346 1235 427 1252 institute
441 1235 567 1257 ignoranclam.
582 1234 647 1252 idcirco
662 1235 735 1252 nomina
749 1235 829 1252 omnium
844 1235 862 1252 et

99 1261 208 1283 singulorum
223 1261 299 1279 fratrum
314 1261 458 1279 conuentualium
472 1266 505 1279 nec
521 1262 625 1284 superstites
645 1261 766 1282 existencium,
783 1261 861 1284 presenti

99 1288 148 1305 litere
159 1288 235 1306 fecimus
246 1288 345 1305 secundum
359 1288 439 1306 ordinem
453 1288 539 1306 inserere:
557 1288 614 1311 primo
630 1289 647 1305 et
662 1288 782 1310 principaliter
797 1292 861 1305 nomen

99 1315 166 1338 pn'uris,
182 1315 264 1334 videlicet
277 1314 360 1333 Iohannis
375 1315 455 1338 Leipezg,
473 1315 561 1333 willermi
578 1315 681 1339 supprioris,
697 1314 767 1338 Georgii
787 1314 861 1335 Sohorn,
