1040 1506
176 76 209 94 466

177 127 215 144 483.
240 127 289 144 1428.
301 126 330 144 die
341 126 368 145 30.
380 127 447 144 mensis
458 124 503 148 Iulii,
515 125 612 146 Lanciciae.

257 180 365 199 wladislaus
376 180 396 198 Π.
414 186 444 199 rex
462 181 544 199 Poloniae
554 181 605 199 Petro
622 179 713 199 Korczbok
730 180 859 199 mccamerario
872 179 935 199 Poenu-

177 208 235 225 niensi
247 207 326 230 erigendi
338 207 421 231 oppidum
433 209 513 226 Brodcea
525 208 556 226 dat
567 209 678 232 potestatem.

256 261 276 279 In
295 262 366 279 nomine
385 261 457 280 Domini
476 267 533 280 emen.
556 262 585 280 Ad
596 263 700 285 perpetuum
717 263 742 280 rei
760 262 868 280 memoriam,
892 262 936 284 Quia

176 289 219 306 tunc
231 288 292 306 multis
304 293 382 306 errorum
394 290 412 306 et
423 288 516 307 dubiorum
528 289 624 312 prudenter
635 289 743 307 occurrimus
754 289 877 310 incommodis,
893 289 935 307 dum

176 316 227 338 gesta
239 316 291 333 etatis
303 317 362 333 nostre
373 315 465 334 literarum
477 316 557 339 apicibus
569 316 587 334 et
594 316 667 334 testium
674 316 790 334 annotacione
800 315 936 339 perhennamus,

176 347 199 360 ne
217 342 270 365 lapsu
289 343 373 365 temporls
392 344 505 364 euanescant,
524 342 597 366 proinde
613 347 645 360 nos
657 342 766 361 Wiadislaus
785 343 818 361 Dei
835 343 896 365 gracia
907 347 937 360 rex
954 342 957 344 ’

177 369 252 390 Polonie,
265 374 333 387 necnon
345 371 432 387 terrarum
442 369 531 391 Cracouie,
543 369 658 391 Sandomirie,
670 369 743 391 Siradie,
755 370 841 391 Lancicie,
853 369 937 393 Cuyeuie,

177 396 307 419 Lithuanieque
318 397 400 420 princeps
412 401 511 420 supremus,
524 397 631 418 Pomeranie,
643 397 743 419 Russleque
757 397 839 415 dominus
851 398 869 415 et
880 396 937 418 heres,

177 423 302 446 significamus
313 425 373 441 tencre
385 424 502 447 presencium,
514 423 579 446 quibus
590 423 665 447 expedit,
677 424 765 442 vniuersis
777 425 796 442 et
807 424 888 446 singulis,
899 428 937 447 pre-

177 450 257 468 sentibus
276 451 294 468 et
313 450 383 471 futuris,
402 451 514 473 presencium
533 451 617 469 noticiam
634 450 726 472 habituris,
743 450 830 473 quomode
846 451 937 474 cupientes

176 478 227 500 regni
238 478 294 495 nostri
306 478 324 495 et
335 478 391 500 ipsius
403 477 499 500 reipublice
511 482 576 500 augere
588 477 678 501 proiectus
690 478 708 496 et
719 477 818 499 conunoda,
833 479 938 500 nostrasque

176 505 235 527 regies
246 504 373 527 possessiones,
390 504 513 526 obuenciones,
529 505 625 527 prouentus
641 506 659 522 et
673 504 742 522 {metus
759 505 850 528 ampliare,
864 504 938 527 locaque

177 531 247 549 deserte
258 532 276 549 et
287 531 354 549 inculta
365 531 432 553 ingenii
444 531 521 549 melioris
533 531 621 549 industria
632 532 732 554 permutare
744 532 762 549 in
773 531 824 549 vtilia
836 536 857 549 oc
868 531 938 554 populis

177 558 279 579 habitanda,
296 558 411 580 eiusdemque
422 558 544 576 condicionem
560 558 619 576 iacere
630 558 726 579 meliorem,
741 559 761 576 vt
772 558 806 576 sub
818 558 866 576 ielici
877 559 938 576 nostro

176 585 263 607 regimine
274 586 326 607 grata
337 586 355 602 et
366 585 416 603 viilia
427 590 447 603 se
459 585 539 603 sencient
550 585 639 608 recepisse
650 586 767 603 incrementa:
783 585 895 603 attendentes
906 585 938 603 ite-

178 617 212 634 que
223 611 296 634 grandis
308 612 374 634 ingenij
392 611 524 634 prouidenciam
541 613 559 630 et
570 613 621 634 grate
637 613 735 630 consttutis
751 611 845 630 fidelitatis
858 612 939 630 studim

177 638 267 661 obsequia,
282 638 347 661 qulbus
364 640 447 656 strenuus
464 639 526 656 Petrus
543 638 634 657 Korezbok
651 639 792 657 succamererlus
807 639 938 659 Pozneuiensis,

177 665 229 683 miles
240 665 291 683 nobis
303 665 362 683 tidelis
374 666 392 683 et
403 665 483 687 dilectus,
495 665 543 689 epud
554 667 613 683 nostre
624 666 673 688 regie
684 665 784 689 prudencie,
802 666 853 684 cuius
868 666 939 688 singula

178 693 196 710 et
207 692 316 715 propendere
328 693 346 710 et
357 693 415 710 metiri
428 693 508 710 examine
515 693 543 715 (s),
555 697 575 710 se
587 692 708 716 multipliciter
719 692 796 711 reddidit
806 693 874 714 vfflem,
885 692 939 716 placi-

178 719 220 737 dum
233 720 251 737 et
263 720 361 742 acceptum,
380 719 402 737 de
419 720 511 742 ipsiusque
522 720 588 742 pericla
603 719 684 742 legaliter
689 720 713 741 (s)
730 720 749 737 et
762 720 876 742 negociorum
888 724 939 743 expe-

177 746 245 764 flencie
255 746 353 769 plurimum
365 746 480 767 confidentes,
496 746 530 764 sibi
541 747 561 764 in
575 751 648 764 nemore
665 747 683 764 et
694 746 741 765 silus
752 747 813 765 nost-ra
824 746 872 764 dicta
883 747 939 764 Brod-

177 773 228 795 ceafl)
239 773 259 791 in
270 774 317 791 terra
328 773 399 791 Maioris
411 773 482 791 Polonie
500 774 518 791 et
534 773 615 791 districtu
633 773 714 792 Cosiensi
729 774 770 795 sita,
787 773 860 796 opidum
876 773 940 791 eodem

176 800 263 818 vocabulo
275 801 293 818 et
304 800 450 818 denominatione
465 800 545 818 Brome
556 800 701 824 nuncupandum,
716 800 801 823 erigendi,
817 800 909 823 plantandi
921 801 940 818 et

176 826 269 848 fundandi,
287 827 309 845 de
325 828 424 850 quantitate
436 828 454 845 et
465 828 567 845 extensione
584 828 610 845 tot
627 832 730 845 mansorum
746 827 785 845 siue
801 827 893 845 laneorum
906 832 939 850 pro

177 855 225 876 egris
236 853 375 872 inhabitatorum
386 854 448 877 ipsius,
460 853 507 876 quod
519 854 602 877 extirpari
614 854 678 877 poterit
689 855 707 872 et
717 854 780 872 incolis
792 854 830 872 eius
842 854 938 877 necessarii

177 881 243 899 inerint
255 882 273 899 et
284 881 383 904 opportuni,
399 881 530 899 commissimus
545 881 654 899 facultatem.
677 880 712 899 Sed
727 881 774 903 quia,
788 880 818 899 vbi
830 880 939 899 Christ-sside-

178 908 223 926 lium
235 908 333 930 aggregari.
350 908 409 930 colligi
426 909 444 925 et
461 908 555 926 conuocari
572 907 624 926 debet
641 907 741 929 multitudo,
759 907 830 925 deloco
845 912 877 931 pro
889 907 939 925 cuitu

177 935 234 958 ipsius
246 935 265 952 in
277 935 328 953 cuius
345 935 416 953 nomine
432 936 473 952 ante
490 935 550 952 omnia
567 934 659 957 prouidere
677 934 738 952 ‹lIuina
750 935 767 952 et
778 934 858 952 humana
869 935 939 952 censuit

178 961 279 983 clemencia,
296 962 421 983 sentencia(s)‚
439 961 478 979 ideo
496 963 516 979 vt
535 962 592 984 magis
604 961 680 979 feliciter
698 962 716 979 et
733 966 817 985 prospere
828 962 847 979 in
858 962 939 984 personis

177 988 249 1006 vtilibus
262 989 280 1006 et
291 988 388 1006 commodis
405 988 489 1011 oppidum
501 988 600 1011 predictum
611 989 681 1006 Brodoa
698 989 823 1011 augmentetur
835 989 853 1006 et
864 989 938 1009 crescet,

178 1020 209 1039 pro
222 1015 274 1033 domo
286 1015 358 1033 Domini
375 1016 394 1033 ct
405 1015 479 1033 ecclesie
490 1015 637 1033 Christiiidelium
653 1015 719 1033 ibidem
731 1015 820 1037 erigenda,
839 1020 860 1033 ec
871 1016 939 1033 rectore

177 1042 239 1066 ipsius,
252 1042 282 1065 qui
293 1047 325 1065 pro
337 1043 416 1065 tempore
427 1042 485 1063 fuerit,
500 1047 532 1065 pro
544 1042 592 1064 agris
608 1041 716 1065 predielibus
731 1042 793 1065 ipsius,
810 1042 855 1059 duos
866 1046 939 1060 mansos

177 1069 241 1087 llberos
259 1069 372 1092 assignamus
391 1070 475 1092 perpetuo
495 1073 516 1086 ac
535 1068 627 1089 donamus,
646 1070 666 1086 vt
684 1069 705 1090 is,
722 1069 752 1091 qui
766 1068 836 1092 plantat
852 1069 870 1086 et
881 1069 939 1091 erigit,

177 1096 258 1114 leborum
275 1100 348 1114 suorum
364 1095 444 1114 fidelium
460 1095 520 1113 iructu
537 1096 554 1113 et
570 1096 637 1119 premio
654 1100 689 1113 non
706 1095 803 1113 iraudetur.
826 1095 863 1113 Hec
875 1096 893 1113 et
904 1095 939 1113 alia

178 1124 256 1141 virtuosa.
274 1128 332 1146 opera,
352 1122 416 1146 quibus
435 1122 525 1146 prefatum
544 1122 615 1140 Petrum
634 1122 725 1141 Korezbok
744 1123 802 1141 iuuari
814 1123 939 1146 conspicimus,

178 1150 289 1168 liberalitatis
300 1151 360 1168 nostre
372 1150 443 1168 dextera
458 1150 550 1172 cupientes
565 1149 659 1167 refundere
671 1151 689 1167 et
699 1150 786 1171 resarciri,
801 1150 896 1173 ipsumque
907 1154 939 1172 pro

178 1177 291 1195 benemeritis
303 1178 341 1195 suis
353 1176 434 1200 specialis
446 1177 506 1199 gracie
517 1177 630 1199 prerogatiua
641 1176 732 1198 consolati,
744 1176 779 1194 sibi
791 1177 809 1194 et
818 1177 858 1194 suis
869 1181 939 1194 succes-

178 1204 247 1222 soribus
266 1204 359 1226 legittimis
376 1203 490 1221 aduocaciam
509 1203 585 1226 predicti
600 1203 660 1226 oppidi
677 1204 747 1221 Brodca
766 1203 817 1221 titulo
836 1203 939 1221 donacionis

178 1232 263 1254 perpetue
274 1231 382 1248 conferimus
397 1231 415 1248 et
426 1230 518 1251 donamus,
535 1230 656 1253 ediungentes,
672 1231 786 1248 annectentes
798 1231 816 1248 et
827 1230 939 1253 incorporan-

178 1259 206 1275 tes
218 1257 314 1276 aduocacie
332 1257 410 1280 predicte
429 1262 511 1275 mansum
523 1257 562 1275 siue
575 1257 647 1275 laneum
659 1257 755 1280 septimum
767 1257 789 1275 de
801 1257 853 1279 agris,
870 1257 938 1274 mansis

179 1286 197 1302 et
208 1285 264 1302 laneis
276 1290 308 1308 per
319 1284 416 1307 oppidanos
427 1284 488 1307 oppidi
499 1283 574 1307 predicti
589 1284 659 1302 Broaoa
674 1284 792 1307 exstirpandis
803 1285 822 1302 et
833 1283 938 1305 excolendis,

179 1317 220 1329 cum
237 1311 320 1329 omnibus
337 1311 424 1332 censibus,
441 1311 556 1334 prouentibus
572 1312 590 1329 et
601 1310 739 1329 obuencionibus
755 1311 834 1333 ipsorum
851 1312 891 1334 post
902 1310 939 1333 lap-
