1040 1506
821 87 853 107 1⁴⁸

171 135 250 154 Tandem
265 142 297 154 nos
312 136 420 155 Wladislaus
435 142 470 158 rex,
485 137 568 155 Nicolaus
584 137 732 161 archiepiscopus,
747 137 821 155 Iacobus
836 139 853 155 et

91 163 174 181 Albertus
188 164 265 187 episcopi
277 164 366 186 ceterique
380 165 521 187 supranominati
536 164 602 185 arbitri,
618 164 736 185 arbitrawres,
752 164 853 182 amicabiles

91 191 217 213 compositores
229 196 250 208 ac
261 191 368 209 diffinitores
380 191 486 212 huiusmodi,
502 192 572 214 recepto
585 192 711 214 compromisso
723 191 746 209 ad
757 192 853 209 instantem

91 217 196 239 peticionem
210 218 291 240 parcium
302 218 421 240 predictarum
432 219 493 240 vigore
505 219 523 236 et
534 219 638 236 anctoritate
650 218 729 236 eiusdem
741 223 762 236 ac
773 223 795 236 ex
806 220 853 241 pote-

90 244 136 261 state
150 244 202 262 nobis
213 245 232 262 in
244 249 264 262 co
276 245 346 265 tradita,
358 245 462 267 simpliciter
474 246 491 262 et
503 245 525 262 de
537 245 588 268 plano
601 250 622 263 nc
635 246 673 263 sine
685 246 760 268 strepitu
769 246 788 263 et
795 245 854 268 figura

92 270 152 293 iudicii
165 271 211 288 inter
222 272 282 294 partes
293 271 365 289 easdem
377 271 497 295 procedentes,
509 272 553 289 visis
565 277 586 289 ac
593 273 685 290 recensitis
694 272 787 294 diligenter
799 273 853 290 omni-

91 297 124 315 bus
136 299 154 315 et
166 298 241 320 singulis
249 298 352 321 priuilegiis,
365 298 425 319 literis,
438 299 566 319 instrument-is,
578 299 654 320 statutis,
667 299 712 317 actis
723 300 741 317 et
752 299 820 317 iuribus
832 304 853 317 ac

91 325 206 342 munimentis
218 325 258 348 alijs
269 330 301 348 per
312 326 371 348 partes
383 326 431 348 ipsas
443 325 526 343 hincinde
537 325 627 348 productis
639 326 658 343 et
669 325 733 348 quibus
740 331 760 343 se
767 326 854 344 innabant

91 352 195 374 maturaque
209 351 337 369 deliberacione
348 353 366 369 et
377 352 446 369 sincero
457 357 511 375 super
522 353 548 369 eis
560 353 578 370 et
589 352 629 375 offis
641 353 723 375 vti-inque
735 357 794 371 coram
802 353 852 371 nohis

90 379 184 401 propositis
196 380 214 396 et
225 380 310 401 oppositis
323 383 343 396 ac
355 380 450 402 responsis,
463 379 535 397 consilio
547 380 623 397 invicem
633 379 725 402 prehabito
734 381 800 397 etcum
812 380 852 402 aliis

90 406 225 426 communicato,
238 405 260 423 nd
272 406 351 423 nostram
362 406 472 424 sentenciam
484 406 600 427 arbitrariam,
612 406 692 428 partibus
704 406 771 424 eisdem
778 407 851 427 vocetis,

90 431 182 449 terendam
193 433 318 455 processimus,
333 433 426 455 ipsamque
438 433 547 450 sentenciam
559 432 587 450 die
599 434 617 450 et
628 433 666 450 loco
678 433 752 451 init-rius
764 434 852 451 annotatis

90 459 142 476 dictis
153 458 225 476 Nicolao
237 459 325 482 preposito
341 464 372 482 pro
388 464 427 480 sua,
442 464 510 477 necnon
525 459 603 477 Iohanne
614 459 687 481 decano,
706 460 767 477 Iacobo
780 460 852 478 custode

90 485 161 504 Nicolao
180 486 328 507 vicecancellaxio,
344 486 435 507 Blisborio,
450 486 526 507 Albrico,
542 486 624 507 Imroone,
640 486 712 504 Nicolao
729 486 852 508 Stizeszconis,

89 512 161 530 Nicolao
176 512 262 535 Bronissu
275 514 294 530 et
304 512 404 535 Daczbogio
416 513 505 530 canonicis
517 518 548 536 pro
560 518 594 531 sua
605 514 623 531 et
634 513 678 531 dicti
694 514 767 536 capituli
778 514 853 531 ecclesie

90 539 198 557 Gneanensls
209 539 290 562 partibus
302 539 444 562 comparentibus
459 541 477 557 et
488 539 531 557 terri
543 545 583 557 cum
595 541 683 557 instancia
695 540 801 563 petentibus,
817 545 852 558 non

89 566 171 584 obstante
191 566 295 584 infirmitate
310 567 328 584 et
339 566 422 584 absencia
436 566 478 584 dicti
495 567 562 584 domini
573 567 655 585 iohannis
670 568 748 590 episcopi
760 567 852 585 Wladisla-

90 594 161 614 uiensis,
176 593 232 611 nostri
240 594 395 616 compromissarii,
407 594 426 611 in
434 594 504 616 scriptis
514 593 587 611 tulimus
595 595 613 611 et
620 599 652 617 per
659 593 750 612 dominum
759 594 852 612 Albertum

90 620 192 643 episcopum
203 619 341 637 Poznaniensem
353 619 452 643 predictum
464 620 571 638 coarbitrum
583 621 622 638 vice
633 621 713 638 nostrum
725 621 805 638 omnium
816 621 852 643 legi

91 648 109 665 et
120 647 232 669 pronunciari
244 646 295 664 nobis
306 646 419 670 presentibus
431 647 519 665 voluimus
532 648 549 664 et
560 647 641 668 lecimus,
657 648 740 668 tenorem,
752 648 783 670 qui
795 648 852 670 sequi—

89 675 123 694 tur,
135 674 263 691 continentem:

168 700 189 718 In
200 700 271 718 nomine
282 700 354 718 Domini
366 705 423 718 amen.
446 700 484 718 Etsi
499 701 570 718 iusticia
584 701 608 718 sit
619 701 669 724 pacis
681 702 743 722 amica,
759 701 852 719 concordia

89 728 149 745 umen
173 732 252 745 amorem
271 727 338 745 nutrire
355 732 391 745 non
408 729 488 750 negatur.
517 727 555 749 Quo
573 728 640 745 attento
656 727 768 745 honorabiles
784 727 851 746 domini

89 754 149 772 dilecti
164 754 215 772 nobis
232 753 315 772 Nicolaus
326 755 427 777 prepositus
442 759 463 772 ex
474 760 514 775 vna,
533 760 554 772 sc
571 754 657 772 Iohannes
675 755 750 772 l-lanczel
768 754 851 776 decanus,

88 781 162 799 lumbus
179 780 245 798 Paluca
261 782 326 801 custos,
346 781 430 799 Nicolaus
447 781 571 802 Strzeszconis,
590 781 688 799 Dobeslaus
709 781 731 799 dc
750 782 850 802 Oce-chem,

89 807 171 825 Nicolaus
187 807 342 825 vicecancellarius
359 808 410 830 regni
425 808 500 829 Polonie,
517 808 601 826 Nicolans
615 808 637 825 de
649 808 713 829 Gorka,
731 808 814 826 Albertus
829 808 851 826 de

89 835 167 855 Modlno,
182 834 280 852 Blisborius
296 834 318 852 de
330 835 440 856 Quathwwo,
456 834 510 853 Lorco
522 834 544 852 de
556 835 622 855 Vnemo,
638 835 721 853 Nicolaus
735 835 821 858 Bronissij
834 837 852 853 et

89 861 200 883 Deabogius
215 862 295 879 canonici
310 861 421 884 capitulares,
438 862 536 884 capitulum
551 863 588 879 tam
603 862 690 883 generale,
706 867 760 884 quam
775 862 852 884 speciale

89 888 163 905 ecclesie
170 888 279 906 Gneznensis
287 889 435 911 representantes,
447 893 468 906 ex
476 888 532 906 albem
538 888 624 911 partibus,
634 889 773 910 grauamiuibus,
785 888 852 910 litibus,

89 915 176 937 expensis,
191 914 280 932 laboribus
295 916 313 932 et
324 914 391 937 latigis,
407 915 524 933 incommodis
536 915 620 933 hincinde
632 915 692 933 multis
709 916 760 933 annis
772 916 852 938 quassati

90 946 142 964 super
159 942 241 959 villarum
257 947 278 959 ac
295 943 339 964 aput
355 942 413 964 ipsam
428 943 447 959 et
458 943 515 960 sancti
529 942 621 965 Laurencij
640 943 724 960 ecclesias
740 942 852 960 Gneznenses

90 969 232 989 consistencium,
246 968 344 989 domorum,
359 969 454 989 curiarum,
470 974 551 986 arearum
566 970 584 987 et
595 970 673 987 ortorum
685 970 703 987 et
714 969 758 987 alias
770 974 852 992 quomm-

90 1000 165 1017 cumque
182 995 289 1018 vbicumque
304 996 378 1013 sitorum
395 996 467 1018 capituli
482 995 557 1018 predicti
572 996 703 1017 distribueione,
719 996 815 1014 donacione
833 997 851 1014 et

90 1022 175 1044 regimine
188 1023 206 1039 et
217 1022 356 1040 obuencionibus
371 1027 467 1044 earumque
482 1023 574 1040 occasione
590 1022 754 1045 iuquietacionibus,
770 1023 851 1040 molesta-

90 1048 175 1069 cionibus,
187 1049 288 1071 inimiciciis
300 1050 318 1066 et
329 1048 455 1071 displicencijs,
469 1049 542 1066 tandem
553 1049 646 1067 tendentes
658 1049 680 1067 ad
692 1050 769 1072 quietem
781 1054 851 1072 paoem-

90 1080 129 1097 que,
145 1076 207 1098 sponte
223 1077 241 1093 et
258 1075 312 1093 libere
328 1080 348 1093 se
363 1076 427 1093 nostris
443 1075 565 1096 decretacioni,
582 1076 742 1098 pronuncciacioni,
760 1076 850 1097 decisioni,

90 1101 208 1124 disposicioni,
223 1102 300 1123 statutis.
316 1103 383 1120 statum
395 1102 469 1120 ecclesie
481 1103 498 1120 et
509 1107 625 1125 personarum
640 1102 771 1125 quomodolibet
782 1108 851 1121 coneor-

90 1128 177 1149 nent‘ibus,
189 1128 282 1147 donacioni
290 1129 347 1147 eciem
358 1129 475 1147 immobilium
487 1130 560 1152 capituli
572 1131 590 1147 et
601 1130 665 1152 cuique
677 1130 748 1147 arbitrio
760 1130 793 1147 sub
805 1135 851 1152 pens

90 1155 165 1173 duorum
179 1156 247 1173 milium
259 1160 359 1173 marearum
374 1156 505 1177 Polonicalium,
520 1161 575 1178 quam
589 1157 695 1179 prepositus,
710 1157 808 1179 capitulum
823 1157 851 1174 uel

90 1182 188 1205 singulares
205 1187 279 1205 persone
296 1183 368 1205 capituli
386 1188 421 1200 non
433 1186 525 1201 seruantes
540 1183 569 1201 uel
585 1184 738 1201 contrauenientes
753 1184 792 1206 ipso
803 1183 851 1201 iacto

90 1209 168 1227 incident
179 1210 197 1226 et
208 1209 256 1227 luere
274 1210 368 1227 teneantur
386 1210 458 1230 tociens,
476 1210 560 1232 quociens
578 1210 631 1227 iuerit
648 1211 789 1231 contrauentum.
805 1210 851 1228 inter

90 1240 122 1253 nos
141 1241 201 1258 regem
220 1236 291 1254 Polonie
307 1237 407 1259 presentem
425 1237 454 1254 uel
469 1237 500 1259 qui
511 1241 543 1259 pro
559 1238 637 1259 tempore
651 1236 710 1257 iuerit,
728 1241 748 1254 ac
764 1237 851 1254 fabricam

90 1262 163 1280 ecclesie
175 1262 283 1280 Gneznensis
299 1264 377 1285 pretacte
393 1263 478 1285 equaliter
493 1263 613 1284 diuidendum,
629 1268 648 1281 se
663 1263 767 1281 submittere
781 1265 851 1281 mature

90 1289 181 1307 deliberati
196 1291 308 1310 curanerunt,
325 1290 450 1307 renunciantes
466 1290 514 1307 omni
529 1290 563 1308 iun·
583 1290 688 1313 appellandi,
705 1290 803 1313 excipiendi
822 1290 851 1308 uel

90 1315 201 1339 supplicandi
213 1321 234 1333 ac
246 1316 275 1339 nlij
293 1317 398 1339 cuicumque
413 1317 529 1338 iuuaminum,
545 1322 580 1339 quo
595 1318 669 1339 possent
680 1318 741 1334 contra
752 1316 799 1334 inira
811 1322 851 1335 con-
