1040 1506
183 87 216 104 110

181 136 218 153 114.
243 137 291 154 1407Δ
303 135 332 154 dle
345 137 370 153 16.
383 135 449 154 mensis
461 135 546 156 Octobris,
558 136 577 153 in
589 135 681 153 Plotrkow.

260 189 339 210 Palatini,
352 189 449 210 castellani,
461 189 541 210 barones.
557 189 622 207 milites
634 190 653 207 et
663 189 731 207 nobiles
746 190 796 211 regni
808 189 890 207 Polonne
901 189 942 207 obli-

180 218 223 239 gant
235 221 275 234 sese
286 217 323 238 regi
335 216 425 234 vladislao
439 216 510 234 obedire
522 217 540 234 et
555 216 637 238 antiquas
652 216 771 234 ordinationes
786 216 833 234 inter
846 216 942 234 Iaroslaum

181 243 334 266 archiepiscopum
350 243 471 261 Gnesnensem
491 244 508 260 et
525 243 634 261 Bodzantam
652 243 755 266 episcopum
772 242 907 261 Craoovionsem
925 244 943 260 et

179 275 240 292 regem
251 270 333 288 Poloniae
345 270 408 290 factas,
421 270 514 287 observare
526 271 544 287 et
556 269 655 287 defendere.

259 324 278 341 ln
296 324 367 341 nornine
383 323 454 341 Domini
471 328 528 341 amen.
552 323 597 341 Cum
614 323 637 341 ab
655 324 732 346 antiquis
750 323 860 346 temporibus
877 324 942 346 egrotis

181 350 250 368 medica
261 351 317 368 tristis
329 350 412 368 ilebilitas
429 351 510 372 congruit
522 351 540 367 et
552 351 647 373 apparatur
659 351 676 368 et
688 351 776 373 oppressis
792 350 890 368 remedium
902 355 942 372 que-

180 378 230 395 ratur
246 378 264 394 et
281 377 371 398 auxilium,
389 377 462 399 proinde
479 382 511 394 nos
529 382 590 394 omnes
608 378 626 394 et.
644 377 710 399 singuli
722 377 800 400 palatini,
819 377 910 395 castellani
922 382 943 395 ac

180 409 241 422 omnes
253 404 349 426 dignitarij,
363 404 443 424 barones,
459 404 530 424 milites,
546 403 613 421 nobiles
630 405 647 421 et
659 404 732 421 clientes
748 409 769 421 ac
783 405 821 421 tota
836 404 942 422 vniuersitas

180 431 202 448 de
214 431 296 448 omnibus
308 431 359 448 terris
370 431 421 453 regni
432 430 502 448 Polonie
514 431 576 451 tocius,
589 430 611 448 ad
623 432 727 453 perpetuam
737 431 763 448 rei
775 431 879 449 memoriam
890 432 909 449 et
920 431 943 449 ad

180 458 264 475 noticiam
282 458 394 480 presencium
408 458 426 475 et
442 457 547 478 futurorum,
564 462 639 479 quorum
654 458 728 475 interest
739 457 767 475 vel
782 458 868 475 interesse
879 458 943 480 poterit

180 485 199 502 in
212 484 293 502 {uturum
305 484 428 506 (deducimus),
444 484 491 506 quod
502 484 663 502 animaduerterit&
679 489 700 502 ao
711 484 824 506 integerrime
835 484 943 507 perpenden-

180 513 207 529 tes
219 512 315 529 maximam
328 516 349 529 ac
360 512 450 533 ingentem
462 511 594 534 oppressionem
610 512 628 528 et
640 511 729 532 iniuarias,
746 516 780 533 que
792 511 843 529 nobis
855 516 876 529 ω
887 511 942 529 homi-

180 538 232 556 nibus
244 538 309 555 nostris
321 539 339 555 et
350 537 432 555 omnibus
444 538 495 560 regni
509 538 580 555 Polonie
595 538 658 555 ineolis
670 543 680 555 a
692 538 772 560 personis
784 538 910 556 ecclesiasticis
922 543 943 556 ao

181 565 302 588 spiritualibus
317 565 368 582 nobis
378 566 401 586 (s)
413 564 531 582 diuersimodo
543 564 648 585 inseruntur,
663 565 756 588 propterea
770 565 841 582 racione
856 564 943 582 dictarum

180 592 285 609 iniuriarum
305 593 322 609 et
341 596 446 613 magnarum
465 592 599 614 oppressionum
619 592 757 609 conuencionom
773 592 874 614 generalem
891 591 943 609 hodie

180 618 256 636 fecimus
268 619 286 636 in
298 619 394 640 Pwtrkmc,
407 619 449 640 quia
460 618 529 636 diucius
541 619 614 636 iniurias
622 618 734 641 supradictas
745 623 756 636 a
767 619 894 641 prenominatis
905 623 942 641 per-

181 646 229 663 sonis
241 645 365 663 ecciesiasticis
377 645 469 666 sustinere.
484 646 522 668 pati
534 650 555 662 ao
570 645 644 663 tolerare
656 650 691 663 non
707 646 802 668 potuimus.
825 645 845 663 In
857 650 892 668 qua
903 650 943 663 oon-

181 673 267 690 uencione
279 672 312 689 sub
324 672 403 689 omnium
419 673 519 689 nostrorum
531 672 635 689 iuramentis
647 672 666 689 in
677 677 733 689 unum
746 672 862 690 conuenimus
874 673 892 690 et
903 677 942 690 con-

181 699 258 716 diximus
276 699 389 716 serenissimo
406 699 481 721 principi
499 703 520 716 ac
539 698 615 719 domino.
632 698 703 716 domino
721 698 811 717 Vladislao
828 700 866 721 roffi
883 700 943 717 nostro

182 726 313 748 graciosissimo
325 725 446 743 obedienciam
458 730 499 743 cum
510 725 564 743 firma
575 725 616 746 fide,
628 727 649 743 ut
660 725 682 743 de
690 726 728 743 iure
735 727 824 747 tenemur;
836 731 878 748 erga
889 726 943 743 ecole-

182 753 228 770 siam
239 757 281 770 vero
293 753 389 775 equitatem
404 753 453 770 iuxta
469 753 560 775 antiquam
575 752 722 770 consuetudinem
737 753 836 774 obseruare,
853 754 873 770 ut
887 753 943 771 nostri

182 780 302 797 antecessores
320 780 338 797 et
355 780 475 802 progenitores
492 779 514 797 ab
531 780 603 801 antiquo
620 780 715 797 tenuerunt
732 780 750 797 et
766 780 851 801 fecerunt,
868 781 886 797 et
897 780 944 797 circs

183 807 222 824 iura
233 807 299 827 nostra,
311 807 393 828 antiquas
405 806 547 827 consuetudines,
559 806 681 824 ordinaciones
693 811 714 824 ac
725 806 823 829 priuilegia,
835 811 867 829 per
878 806 943 829 precla-

181 838 221 851 rum
236 834 335 856 principem
350 833 379 855 pis
397 834 486 854 memorie,
507 833 596 855 quondam
613 838 673 855 regem
689 835 769 851 nostrum
786 833 943 855 graoiosissimum.

181 860 290 878 Kazimirum
303 859 361 877 factas
373 861 391 877 et
402 859 492 877 ordinatas
506 860 552 877 inter
563 860 672 877 venerabiles
687 860 730 877 oiim
740 860 832 877 dominum
847 860 943 878 Iaroslaum

182 887 225 904 olim
236 887 388 909 arehiepiscopum
401 886 521 904 Gneznensem
534 888 552 904 ct
563 891 605 904 suos
617 886 741 909 suiiraganeos
753 892 774 904 ac
786 892 848 904 omnes
859 891 943 910 personas

183 913 318 934 ecclesiasticas,
336 914 354 931 in
371 918 425 935 regno
443 913 514 931 Polonie
529 914 629 934 existentes,
646 915 696 936 parte
711 913 734 931 ab
749 918 789 935 una,
806 915 823 931 et
838 918 870 931 nos
882 918 943 931 omnes

182 941 293 964 prescriptos,
305 941 354 963 parte
366 945 388 958 ex
398 940 458 961 altera.
470 941 522 963 prout
530 941 548 958 in
559 940 615 958 literis
627 940 672 958 bone
684 941 768 958 memorie
779 941 866 958 nominati
877 940 944 958 domini

180 967 252 985 laroslai
270 967 396 990 archiepiscopi
412 972 433 984 ac
448 967 506 985 felicis
524 967 652 985 recordacionis
667 967 734 985 domini
749 967 852 985 Bodzanthe
866 967 944 990 episcopi

181 994 303 1012 Cracouiensis
314 994 384 1017 plenius
396 994 500 1011 continetur.
524 994 574 1011 Circa
586 999 620 1016 que
631 994 725 1016 priuilegia
737 999 758 1011 ac
770 995 830 1011 omnia
840 995 859 1011 in
867 994 892 1012 eis
904 999 943 1011 oon-

181 1022 230 1039 tenta
241 1022 260 1038 et
271 1021 310 1038 iura
321 1022 382 1038 nostra
393 1021 491 1043 antiquitus
503 1026 514 1038 a
525 1021 590 1038 nostris
602 1021 744 1039 antecessoribus
755 1022 805 1038 tenta
816 1022 834 1038 et
845 1021 944 1041 obseruata,

182 1047 304 1065 ordinaciones
312 1049 330 1065 et
338 1047 474 1065 consuetudines
487 1048 569 1069 antiquas
580 1047 662 1065 volumus
675 1049 734 1065 tenere
746 1048 763 1065 et
775 1047 874 1068 obseruare,
890 1048 944 1065 omni-

181 1074 215 1092 bus
227 1074 398 1092 contradiccionibus
409 1074 529 1097 proculmotis.
552 1074 585 1091 Pm
600 1074 664 1096 quibus
679 1074 783 1097 priuilegiis
799 1074 867 1092 iuribus
879 1074 944 1092 nostris

180 1102 198 1118 et
209 1101 367 1119 consuetudinibus
379 1101 456 1123 alitiquis
468 1101 522 1118 simul
534 1106 555 1118 ac
567 1101 673 1119 vnanimiter
681 1102 754 1122 stantes,
766 1101 886 1124 promittimus
898 1106 944 1119 vnus

181 1128 235 1146 alium
251 1128 284 1145 sub
299 1127 336 1146 lide
351 1129 369 1145 et
385 1127 450 1145 honore
468 1127 520 1145 rebus
536 1129 554 1145 et
570 1133 641 1150 corpore
653 1133 688 1145 non
700 1127 788 1146 dimittere
800 1128 834 1146 sub
845 1128 944 1145 iuramento

181 1155 308 1177 prenominato,
320 1154 352 1172 sed
363 1160 425 1172 omnes
437 1156 455 1172 et
466 1154 531 1177 singuli
544 1160 565 1172 ao
576 1160 623 1172 unus
635 1155 690 1172 aliurn
702 1155 763 1172 iuuare
771 1155 856 1173 debemus
868 1155 886 1172 et
897 1156 944 1172 tene·

182 1186 226 1202 mur,
238 1187 336 1204 sumusque
348 1182 416 1199 astricti
428 1181 537 1204 temporibus
552 1182 642 1204 perpetuis
654 1186 695 1199 cum
706 1183 768 1199 nostra
779 1182 882 1205 posteritate
893 1181 944 1199 dura-

180 1208 229 1226 turis,
254 1208 273 1226 Si
285 1209 324 1230 quis
337 1209 396 1226 autem
407 1209 447 1226 iura
458 1209 518 1226 nostra
533 1208 629 1230 intringere
645 1210 676 1226 aut
687 1208 778 1226 destruere
789 1208 843 1226 veliet
857 1209 889 1226 aut.
899 1208 943 1226 inlu-

182 1236 218 1253 rias
230 1235 281 1252 nobis
293 1235 370 1256 interret,
386 1235 416 1252 illa
431 1235 526 1253 deiendere
538 1235 644 1252 vnanimiter
655 1235 738 1253 volumus
750 1235 801 1253 bonis
813 1237 831 1253 et
842 1235 944 1258 corporibus

182 1263 246 1280 nostris
259 1262 292 1279 sub
303 1261 340 1279 side
352 1263 370 1279 et
377 1262 448 1279 honore*
472 1261 528 1285 Super
537 1261 601 1284 quibus
611 1262 684 1282 iuribus,
696 1262 800 1285 priuilegijs,
813 1262 890 1284 antiquis
902 1266 943 1279 oon-

182 1288 310 1309 suetudinibus,
323 1288 465 1306 ordinacionibus
477 1290 495 1306 et
506 1288 617 1306 libertatibus
629 1288 706 1311 quelibet
722 1290 769 1306 terra
780 1290 856 1311 quatuor
867 1289 913 1306 inter
925 1293 944 1306 se

181 1315 246 1339 eligere
258 1315 315 1337 debet,
328 1315 350 1333 ad
361 1320 406 1338 quos
418 1316 536 1334 communitae
548 1316 566 1333 et
577 1315 643 1338 singuli
654 1320 748 1334 recursum
760 1315 851 1334 habebunt
857 1320 889 1338 pro
900 1316 945 1333 iniu-
