1040 1506
810 92 842 109 046

81 146 124 162 „suo
136 140 375 164 redderemus·indempnem
386 141 404 158 et
415 142 495 158 nostram
510 141 640 159 consolenciam
652 141 767 158 saluaremus.
790 140 842 158 Nunc

81 168 151 190 „itaque
163 168 230 185 vocatis
243 167 266 185 ad
277 168 387 190 presenciam
407 168 485 185 nostram
503 168 573 190 propter
589 167 623 185 hoo
635 167 735 190 specialiter
746 167 841 185 venerabili

81 195 142 217 „patre
153 195 218 215 nostro,
236 194 307 212 domino
319 194 450 215 Bondzatha(s)
468 194 580 211 Cracouiensi
593 194 675 217 episcopo
692 195 710 211 et
721 199 753 211 suo
765 194 842 217 capitulo

82 226 113 242 „ac
124 221 212 239 nobilibus
225 221 268 238 viris
279 221 356 238 Iohanne
368 220 505 238 Sandomirieusi
518 222 536 238 ei.
546 221 622 238 Imramo
634 220 747 238 Cracouieusi
754 220 841 243 palatinis,

81 247 194 269 „Wilczkone
214 247 310 265 castellano
329 247 472 268 Sandomiriensi,
489 247 591 265 consulibus
608 252 677 270 quoque
694 247 771 265 ciuitatis
783 248 842 265 nostre

82 274 219 296 „Cracouiensiffi
242 274 338 292 habuimus
357 279 398 292 cum
417 274 460 297 ipsis
480 274 597 292 ministerium
617 274 685 299 consilii
704 274 726 291 de
745 274 841 297 premissis.

82 301 170 323 „Quorum
181 302 209 319 vsi
221 301 294 319 consilio
312 301 329 318 et
343 301 435 318 nobiscum
447 300 575 318 deliberacione
590 300 684 324 prehabito
701 300 786 322 diligenti,
803 301 842 318 sani

82 330 151 349 „mente
168 329 185 345 et
203 332 279 350 corpore,
296 332 332 345 non
347 332 378 350 per
390 332 471 347 errorem.
489 327 521 345 sed
537 329 635 350 spontanea
652 328 669 345 et
686 327 741 345 libera
752 327 843 344 voluntate

81 354 178 376 „dedimus
194 354 258 372 damus
271 356 288 372 et
300 355 356 371 eciam
368 355 481 376 assignamus
494 354 605 377 presentibus
616 356 700 377 perpetuo
712 355 730 371 in
742 358 842 376 recompen-

82 382 181 403 ‚,sacionenr
198 381 253 399 debiti
270 382 356 404 pretaxati
372 381 419 398 dicte
437 381 536 398 Gneznensi
556 381 630 398 ecclesie
647 382 665 398 et
680 381 775 398 venerabili
796 381 842 403 patri

82 409 157 429 „nostro,
175 408 245 426 domino
264 408 339 425 Iaroslao
357 413 405 425 nunc
421 407 520 425 Gneznensi
538 408 669 430 archiepiscopo
681 408 699 425 et
710 407 842 425 successoribus

82 435 129 456 „suis
141 434 278 457 archiepiscopis
290 434 423 452 Gneznensibus
440 435 512 452 centum
524 439 593 452 marcas
605 438 706 456 grossorum
721 434 842 456 Pragensium,

82 461 209 484 „quadraginta
228 463 266 479 octo
286 466 357 483 grossos
377 466 408 484 pro
428 466 488 479 marca
507 461 585 483 qualibet
604 461 726 484 computando,
747 461 769 478 de
785 465 843 484 zuppa

81 489 152 509 „nostra
162 489 182 506 in
193 489 265 506 Bochna
277 489 294 506 et
306 489 324 505 in
337 489 450 509 Wyalioeka1)
462 488 540 511 recipere
551 489 569 505 in
581 488 644 511 parata
655 488 730 510 pecunia
742 488 793 505 annis
808 488 842 505 sin-

81 515 138 538 „gulis
155 520 187 538 per
204 520 224 532 se
235 515 264 532 uel
281 516 403 537 procuratores
421 519 468 535 suos,
487 519 531 537 quos
544 514 566 532 ad
585 514 619 532 hoc
630 514 712 532 duxerint
723 514 842 537 deputandos:

81 542 221 564 „quinquaginta
238 546 307 559 mareas
319 542 337 559 in
349 541 394 559 festo
410 541 457 559 beati
469 541 554 559 stanislai
565 542 605 564 post
616 541 690 561 Pascha,
708 542 726 558 et
737 541 781 558 alias
793 541 842 563 quin-

81 569 177 591 „quaginta
189 573 258 586 marcas
270 569 288 585 in
300 568 346 586 testo
363 568 410 585 beati
427 568 518 586 Michaelis
536 568 643 590 archangeli,
662 567 803 585 contradiccione
814 567 843 591 uel

81 596 184 616 „occasione
196 594 274 617 qualibet
290 600 325 612 non
337 594 426 612 abstante:
445 595 550 612 mandantes
562 595 621 612 nostro
633 596 651 612 et
662 596 762 612 nostrorum
774 599 843 612 succes-

81 626 150 643 „sorum
164 622 234 639 nomine
246 626 315 639 exnunc
327 622 410 644 zuppario
426 621 455 638 uel
472 622 562 644 zupparijs
580 622 645 639 nostris
660 621 698 638 siue
710 621 788 644 emptleij
806 621 842 639 iue-

81 649 126 669 „rint
138 649 177 666 slue
189 649 321 671 commissarijs,
341 649 468 670 cuiuscumque
486 648 594 665 condicionis
611 648 691 669 existent,
705 647 762 665 dictas
776 652 842 670 zuppas

81 675 197 696 „succedente
209 676 287 698 tempore
299 675 406 697 regentibus,
423 675 511 697 quatenus
523 674 597 692 eandem
608 675 702 697 pecuniam
714 676 786 692 centum
798 679 842 692 mar·

80 707 152 723 „aarum
164 702 231 724 absque
242 702 359 724 requisicione
372 707 382 719 a
394 701 445 719 nobis
457 701 535 724 qualibet
551 702 612 719 sancte
624 701 722 719 Gneznensi
740 701 814 719 ecclesie
826 702 844 718 et

81 728 162 749 „domino
175 728 307 751 archiepiscopo
319 729 348 746 uel
359 729 397 746 suis
409 728 552 751 procuratoribus
569 728 591 746 ad
603 728 636 746 hoc
648 728 748 751 specialiter
759 728 843 751 deputato

80 755 119 776 „uei
131 755 237 778 deputandis
249 756 338 778 perpetuis
350 755 465 778 temporibus,
478 755 528 773 sicud
540 756 568 773 est
579 755 650 773 donatio
662 756 752 778 perpetua,
767 755 842 777 singulis

80 783 143 803 „annis
155 782 173 799 in
185 782 266 800 terminis
278 783 374 805 pretaxatis
386 782 462 800 debeant
474 782 521 803 dare,
540 783 641 805 presentare
658 783 675 799 et
687 787 708 799 ex
720 782 788 804 integro
800 782 842 799 assi·

79 813 149 831 „gnam
167 810 187 826 ut
199 814 220 826 ex
232 809 265 826 hoc
277 808 356 826 debitum
374 814 406 831 per
417 813 449 826 nos
461 809 572 826 contractum
584 810 708 831 compensetur
726 810 743 826 et
760 808 842 826 dominus

80 835 236 858 „archiepiscopus
249 840 289 853 cum
302 836 348 853 ciero
360 840 392 853 suo
404 840 435 858 pro
447 835 525 853 remedio
541 835 599 853 anime
610 837 669 853 nostre
682 837 699 853 et
710 836 842 858 progenitorum

80 863 191 883 „nostrorum
203 867 253 880 orare
264 863 300 880 sint
312 862 388 885 amplius
400 862 478 884 obligati*
502 861 585 879 Ceterum
597 862 612 879 si
624 862 718 885 suppar-ius
727 862 755 879 uel
763 862 841 885 zuppnrij

79 889 169 911 „empticij
189 889 218 906 uel
238 889 354 911 commissarii
375 889 485 911 pretaxatam
504 889 600 911 pecuniam
618 889 689 906 centum
709 889 842 909 marcarumstn

80 916 216 938 „suprascriptis
228 916 308 933 terminis
326 916 397 938 propria
412 915 512 932 temeritate
524 920 559 932 non
571 915 660 936 soluerint,
678 915 842 938 submittimusleos

80 943 151 963 „nostra
168 942 224 960 libera
235 942 326 960 voluntate
343 942 366 960 ad
383 942 488 959 soluendum
504 941 578 959 eandem
595 942 688 964 pecuniam
706 947 737 964 per
749 946 842 959 censuram

80 969 230 990 „ecclesiasticam
242 970 347 986 auctoritate
364 968 431 986 domini
443 969 570 991 archiepiscopi
583 969 696 989 Gneznensis,
714 969 743 991 qui
756 973 787 991 pro
799 969 841 986 tem-

80 1000 132 1018 „pore
144 996 197 1013 luerit
209 996 238 1013 uel
246 996 316 1016 tuerint,
329 995 464 1018 compellendos,
487 995 527 1013 Non
538 995 625 1016 obstante,
638 996 653 1013 si
666 995 720 1018 ijdem
732 995 811 1018 zuppm-ij
824 996 842 1013 in

80 1022 203 1043 „Cracouiensi
215 1022 281 1040 diocesi
298 1023 398 1043 existerent,
416 1027 457 1040 cum
470 1023 577 1040 memoratus
596 1022 689 1045 episcopus
702 1022 724 1040 ad
735 1022 842 1045 peticionem

80 1050 170 1070 „nostram
182 1049 351 1070 excommunicandi,
363 1049 483 1072 suspendendi
495 1050 513 1066 et
525 1049 569 1067 alias
581 1054 655 1067 censura
666 1049 787 1067 ecclesiastica
796 1054 841 1066 oom-

80 1076 173 1099 „pellendi,
188 1078 240 1099 prout
252 1076 383 1099 archiepiscopo
396 1076 506 1093 commodius
518 1076 606 1093 videbitur
618 1076 704 1099 expedire,
720 1076 742 1094 de
754 1081 842 1093 consensu

80 1103 119 1123 „sui
131 1103 203 1125 capituli
218 1103 292 1120 liberam
309 1103 377 1120 dederit
394 1104 504 1125 potestatem⁴
528 1103 564 1120 Nos
581 1108 622 1120 vero
641 1103 731 1120 Bodzanta
748 1103 841 1125 episcopus

80 1130 199 1150 „memoratus
211 1129 233 1147 de
245 1134 332 1147 consensu
344 1130 419 1147 fratrum
432 1131 532 1147 nostrorum
549 1130 621 1153 capituli
633 1130 841 1152 Cracouiensisecclesie

80 1156 158 1179 „prefato
171 1156 267 1174 venerabili
279 1156 329 1174 tratri
341 1158 406 1177 nostro,
424 1157 494 1175 domino
506 1157 582 1174 Iaroslao
598 1157 696 1175 Gneznensi
709 1157 841 1179 archiepiscopo

80 1184 164 1205 „eiusque
185 1183 317 1201 successoribus
335 1183 416 1201 dedimus
436 1185 454 1201 et
473 1183 560 1201 donamus
579 1184 699 1201 omnimodam
718 1184 841 1201 auctoritatem

80 1224 94 1231 „.
108 1224 111 1227 .
142 1224 144 1227 .
158 1224 161 1227 ⁴
175 1224 178 1227 Δ
191 1210 361 1231 excommunicandi,
374 1210 493 1233 suspendendi
506 1211 523 1228 et
535 1211 579 1228 alias
591 1215 622 1233 per
634 1210 840 1233 censuramsseoclesiasti-

80 1242 130 1257 „cam
143 1237 258 1260 compellandi
270 1237 327 1254 dictos
339 1238 437 1260 zupparios,
450 1238 488 1255 siue
500 1238 578 1259 empticij
591 1237 657 1255 luerint
669 1238 707 1255 siue
716 1238 839 1260 commissarii,

79 1264 217 1286 „cuiuscumque
236 1264 349 1284 condicionis,
370 1264 392 1281 ad
411 1264 515 1282 soluendum
533 1265 643 1287 pretaxatam
662 1264 756 1287 pecuniam
768 1265 839 1282 centum

79 1295 190 1311 „marcarum
206 1291 224 1308 in
240 1291 321 1308 terminis
338 1292 441 1313 prenotatis.
464 1291 550 1312 l’retorea,
568 1292 588 1308 ut
603 1291 682 1313 predicta
694 1293 755 1310 nostra
767 1291 840 1308 donacio

79 1318 108 1340 „in
121 1317 196 1335 ecclesia
208 1317 307 1336 Gneznensi
319 1318 430 1337 oracionibus
448 1319 465 1335 et
481 1318 548 1341 vigiliis
560 1319 578 1335 iu
590 1318 687 1335 remedium
699 1319 758 1336 nostre
771 1323 791 1335 ac
803 1323 840 1341 pro-
