1040 1506
171 84 204 102 238

252 134 416 155 „Reuerendissime
430 134 449 152 in
465 134 534 152 Christo
552 135 606 157 pater,
624 135 680 152 amice
696 134 794 152 carissime!
817 134 933 152 Animaduer-

171 160 231 181 „slone
246 160 316 178 solicita
327 162 345 178 et
356 161 399 178 cu'ra
410 162 498 179 constanti
512 162 586 179 ecclesie
598 161 711 182 Gneznensis,
729 166 763 184 que
775 161 831 179 titulis
847 162 884 179 tem
895 165 933 184 pre-

171 187 234 208 „claris
250 188 346 210 insignitur
360 189 378 205 et
389 188 407 205 in
419 193 473 210 regno
488 189 548 206 nostro
564 189 673 211 prestancior
690 189 736 206 inter
753 193 814 206 omnes
831 188 933 210 perhibetur

172 214 271 235 „ecclesias
284 215 310 232 tot
318 214 411 237 dispendia
418 215 558 237 contemplantes
566 215 658 232 imminere
669 216 741 238 propter
752 214 851 232 absentiam
863 215 932 232 canoni-

172 246 243 262 „corum
256 241 299 262 eius,
315 242 345 264 qui
357 242 375 259 in
387 241 437 259 bonis
449 242 522 264 capituli
534 242 608 260 ecclesie
619 242 702 265 predicte,
718 242 762 265 ipsis
774 241 873 259 distributis
885 246 933 259 man-

172 268 241 289 „siones
253 268 343 290 eligentes,
361 269 408 286 circe
425 269 482 291 ipsam
499 269 592 291 negligunt
608 269 690 290 residere,
706 274 781 291 quoi-um
799 269 888 291 presentia
899 268 933 286 sibi

172 300 268 317 „magnum
280 295 361 313 decorem
376 297 463 318 prester-et
474 297 492 313 et
503 295 606 318 profectum
630 296 748 317 Quamobrem
763 295 810 313 bona
824 295 904 318 predicta
914 296 933 313 in

173 326 296 342 „communem
308 327 360 339 usum
372 322 488 340 refectionum
500 323 630 343 canonicorum,
642 323 673 345 qui
681 323 728 340 circa
735 322 833 345 predictam
840 322 932 340 ecclesiam

172 348 297 369 „residentiam
308 348 366 366 fecere
378 349 471 370 noluerint,
487 350 637 372 comportauimus
651 350 669 367 et
680 349 742 367 usibus
754 349 846 366 dumtaxat
857 348 933 366 residen-

173 375 228 396 „tium
240 376 364 393 canonicorum
377 375 488 393 decreuimus
502 381 569 398 rogare,
584 377 604 394 ut
620 376 718 394 communis
733 376 801 393 utilitas
816 376 885 398 priuate
896 380 933 398 pre-

172 401 250 423 „1eratur
268 403 286 420 et
297 402 344 420 dicte
360 402 434 420 ecclesie
451 403 531 420 canonici
543 408 574 425 per
586 403 604 420 id
616 403 634 420 in
646 408 667 420 ee
679 402 755 420 residere
772 403 877 420 moueantur
888 403 933 425 ipsa-

172 433 217 451 „que
229 429 305 447 ecclesia
316 430 353 447 tam
368 429 434 447 salubri
450 429 550 452 frequentia
561 430 627 452 stipata
641 434 756 452 personarum
771 429 830 452 dignis
845 429 933 452 preconiis

172 455 286 476 „extolnatur
311 456 377 474 Verum
389 456 439 474 nobis
451 457 532 477 innotuit,
545 456 632 479 quomodo
644 456 720 479 quedem
731 456 778 474 bona
787 457 805 474 et
812 456 933 479 possessiones

173 487 244 503 „mense
256 482 320 505 prefati
332 483 404 506 capituli
415 483 481 501 dudum
494 483 512 500 P.
520 488 536 500 v.
547 488 558 501 a
569 483 614 501 Sede
626 483 722 506 apostolica
733 483 800 500 obtinet
811 483 905 506 impetrata
916 483 934 500 et

172 510 224 531 „quia
239 510 258 527 in
273 510 383 528 confectione
397 511 434 528 tarn
445 510 471 533 pij
486 511 548 533 operis,
566 510 597 528 ubi
608 515 639 533 pro
651 510 690 528 utili
707 510 754 528 dicte
771 510 845 527 ecclesie
861 509 933 527 comodo

172 536 289 558 „prouidetmx
308 537 347 559 ipsa
363 537 381 554 P.
393 542 410 554 xz
422 536 482 554 redere
497 542 517 554 se
529 538 599 554 tenetur
610 542 706 560 operosam,
719 542 772 559 quam
784 536 807 554 ani
818 536 852 554 hoc
863 536 934 554 uocauit

171 563 238 584 „diuini
258 563 325 586 consilij
346 563 420 581 altitudo
439 565 457 581 et
475 564 494 581 in
511 565 560 581 tante
577 564 668 586 dignitatis
686 564 777 581 constituit
791 563 898 584 summitate,
914 564 934 580 ut

172 590 297 611 „ecclesiarum
309 590 417 613 protectibus
431 590 531 608 intenderet
542 592 560 608 et
575 590 670 608 eorundem
682 590 785 608 discrimina
800 590 882 608 omnibus
894 590 933 607 viri-

172 616 215 637 „bus
236 618 350 638 ammoneret,
374 622 408 639 quo
430 618 477 635 circa
494 617 512 634 P.
529 622 546 634 v.
564 617 627 635 obnixe
646 618 723 640 petimus
743 617 761 634 in
780 617 872 639 desiderils
891 616 933 634 obti-

172 644 249 664 „nentes¹
269 645 356 666 quatenus
375 644 422 661 bona
440 644 512 667 capituli
534 644 612 666 predicti,
630 644 712 661 videlicet
731 644 810 664 Pmrlino,
826 644 898 661 Berlino
916 645 934 660 et

173 671 289 692 „Woyuczino
301 671 370 688 contem
382 671 465 693 plationis
475 672 534 688 nostre
553 672 571 688 et
589 672 715 693 premissorum
727 671 792 688 intuitu
806 670 865 688 uelitis
877 670 934 688 dimit-

173 698 225 718 „tere,
244 698 264 715 ut
275 698 294 715 in
305 699 371 715 sortem
383 702 495 715 communem
511 702 542 720 pro
558 697 653 715 residentia
668 697 747 720 predicte
761 697 822 715 multis
839 697 886 714 fruct
899 711 916 714 ..
930 711 933 714 .

173 725 261 746 „protecte
280 724 354 742 ecclesie
374 724 453 745 allutare,
472 724 563 747 deputare,
578 729 613 746 que
631 724 653 741 ed
669 725 739 742 tantum
756 725 799 741 sunt
815 724 898 744 desolate,
914 725 934 741 ut

173 751 217 772 „nisi
233 751 312 774 ipsorum
331 751 448 769 incolumitati
463 752 569 774 tempestiue
586 752 704 772 succurratur,
719 751 769 768 breui
788 756 873 769 successu
891 752 934 768 tem-

172 778 229 800 „poris
241 779 338 796 extremam
350 779 420 796 ruinam
434 779 524 801 patientur
539 779 557 796 et
574 779 611 796 tam
626 778 700 795 ecclesie
714 777 798 800 predicte,
815 783 869 800 quam
880 777 898 795 P.
917 783 933 795 v.

174 805 233 826 „nulla
243 805 311 822 utilitas
323 810 344 822 ex
356 805 382 822 eis
393 805 503 826 redundabit,
516 810 558 822 nam
570 806 587 823 et
599 805 652 822 ceteri
663 805 710 822 bona
721 804 795 827 predicti
807 805 885 827 capituli,
900 810 934 827 que

174 836 296 854 „quocumque
311 832 349 849 iure
361 833 379 849 et
389 832 440 849 titulo
452 831 571 854 possidebant,
586 833 607 849 ut
618 833 660 849 vota
671 832 716 849 tanti
731 831 772 849 boni
787 832 867 854 optatum
879 831 934 849 finem

173 859 284 879 „sortiantura
300 858 382 876 manibus
397 859 462 876 nostris
476 858 586 879 dimiserunt,
602 858 648 881 quod
664 859 682 876 et
696 858 714 876 P.
726 863 743 875 v.
758 858 846 876 iacturam
862 858 934 876 minime

174 884 304 908 „desperamus
322 885 340 903 in
357 890 391 907 quo
403 885 453 903 nobis
465 886 515 907 grate
534 885 610 903 multum
627 886 645 903 et
663 887 734 907 accepte
749 885 857 902 sinceritatis
872 885 935 902 inditia

174 911 284 933 „ostendens
296 917 327 935 pro
339 912 403 934 quibus
411 912 428 929 P.
441 917 457 929 v.
465 913 516 934 grata
523 912 646 929 uicissitudine
653 912 735 929 uolumus
745 911 856 934 respondere.
868 912 934 929 Datum

173 938 267 960 „Cracouie
278 939 324 956 Xffli
336 939 402 956 mensis
414 938 481 961 Marcij,
493 943 539 956 anno
550 938 621 956 Domini
633 938 757 956 MCGCCXIJII.
781 938 890 956 wladislaus
901 938 934 956 Dei

174 966 245 987 „gracia
256 970 286 983 rex
297 965 368 983 Poionie
382 965 498 987 Lituanieque
513 966 595 988 princeps
611 970 717 988 suppremus
729 966 747 983 et
758 965 809 983 heres
826 965 889 983 Russie
900 966 933 983 etc,

174 992 201 1013 „A
207 993 266 1014 tergo:
277 992 431 1010 Reuerendissimo
439 992 457 1010 in
465 992 535 1010 Christo
546 993 593 1015 patri
605 992 675 1010 domino
687 992 708 1009 A.
720 993 782 1010 sancte
790 992 868 1010 Romane
880 992 933 1010 eccle·

175 1020 211 1040 „sie
223 1019 327 1041 dignissimo
336 1019 420 1037 cardinali
432 1019 525 1040 Laudensi,
538 1020 594 1036 amico
604 1020 664 1036 nostro
672 1019 767 1041 singular-1¹⁴
781 1020 798 1036 et
809 1019 843 1036 hoe
852 1020 934 1042 presente

173 1046 269 1064 venerabili
280 1047 318 1063 viro
333 1046 405 1064 Nicolao
416 1046 502 1068 Bronissij
519 1046 603 1063 canonico
615 1045 714 1063 Gneznensi
729 1051 750 1063 ac
762 1050 790 1063 me
802 1046 870 1063 noterio
882 1045 934 1063 infra-

172 1073 238 1095 scripto
249 1073 361 1096 presentibus
376 1072 507 1095 stipulantibus,
523 1072 648 1095 recipientibus
660 1073 678 1090 et
689 1072 823 1095 acceptantibus
834 1073 905 1090 nomine
917 1073 935 1090 et

173 1100 218 1117 uice.
225 1099 272 1117 dicte
284 1099 357 1117 ecclesie
369 1099 477 1117 Gneznensis
489 1104 510 1116 ac
522 1100 646 1117 canonicorum
658 1099 731 1122 capituli
743 1099 823 1117 eiusdem
834 1099 934 1117 absentium

173 1131 194 1144 at:
206 1126 245 1144 uice
257 1127 275 1144 et
286 1126 357 1144 nomine
369 1126 463 1143 cuiuslibet
474 1126 546 1143 alterius
558 1131 637 1149 persone,
653 1126 703 1143 cuius
718 1126 791 1143 interest
806 1126 834 1143 uel
849 1126 934 1143 interesse

172 1154 236 1176 poterit
252 1152 382 1175 quomodolibet
397 1153 415 1170 in
430 1152 516 1173 futurum,
531 1153 652 1170 renuntiantes
668 1153 765 1175 exceptioni
780 1157 815 1170 non
830 1152 876 1170 lacte
888 1152 934 1170 dicte

173 1180 318 1200 renuuciacionis,
331 1180 421 1200 cessionis,
432 1179 543 1197 liberacionis
551 1181 569 1197 et
576 1179 691 1197 relaxacionis
701 1179 788 1204 dictarum
798 1179 881 1197 uillarum
888 1179 934 1197 dicte

173 1207 248 1224 ecclesie
264 1212 286 1224 ac
303 1211 364 1224 mense
382 1206 454 1229 capituli
471 1206 550 1224 eiusdem
569 1211 590 1224 ac
607 1207 655 1224 omni
667 1206 765 1229 probationi
777 1207 795 1223 et
806 1206 904 1224 defensioni
916 1207 934 1223 in

173 1234 286 1251 contrarium.
309 1233 328 1250 In
340 1238 415 1256 quorum
426 1234 506 1251 omniurn
517 1234 535 1250 et
547 1233 657 1255 singulorum
668 1233 723 1250 fidem
735 1234 753 1250 et
764 1233 885 1250 testimonium
897 1238 934 1256 prc-

173 1261 233 1277 sentes
252 1260 313 1278 literas
331 1265 363 1278 seu
382 1265 455 1283 presens
472 1261 610 1278 instrumentum
629 1260 720 1283 publicum
737 1260 838 1277 huiusmodi
856 1261 934 1277 nostram

173 1287 324 1304 renunciationem
340 1288 358 1304 et
375 1285 500 1305 relaxationem
518 1287 537 1304 iu
553 1292 572 1304 se
587 1287 696 1304 continentes
714 1292 745 1304 seu
757 1287 854 1307 continens,
872 1286 934 1304 exinde

175 1313 214 1331 fieri
232 1314 250 1331 et
267 1318 298 1336 per
311 1313 425 1331 Ambrosium
442 1314 530 1331 netarium
547 1315 627 1332 nostrum
644 1313 734 1336 publicum
750 1313 883 1336 infrascriptum
894 1313 934 1331 sub-
