1040 1506
199 84 232 101 420

198 131 245 150 intra
256 131 363 154 disponetur.
386 131 468 149 Preterea
479 132 522 154 quia
537 131 585 149 idem
601 131 683 149 dominus
698 131 760 149 Petrus
772 131 876 149 scolasticus
888 130 954 149 medias

199 158 295 176 maldratas
306 158 381 181 triplicis
392 158 477 176 immenti
488 163 510 176 ex
522 159 649 181 sxcrcscancijs
660 158 737 176 limitum
748 163 784 175 vna
795 162 836 175 cum
848 163 879 175 sex
890 158 955 180 grossis

199 185 298 203 eommunis
310 186 380 203 moneta
391 185 413 202 de
425 185 503 207 quolibet
514 185 561 202 vitra
572 184 665 202 duodecim
677 189 753 206 mansos,
769 184 791 202 de
803 184 867 207 qulbus
878 184 955 202 scolasti-

199 216 230 230 cus
242 211 350 230 Gneznensis
367 211 463 229 maidratos
480 212 554 234 percipit
565 212 584 229 in
595 212 637 229 viiia
648 212 750 229 Grothkmna
762 216 816 234 prope
830 211 925 232 Gneznam,
936 211 954 228 in

199 239 247 261 agris
265 238 418 261 infrascriptarum
436 238 559 259 kmethonum,
578 238 646 256 scilicet
664 238 737 261 Benyak
754 238 777 256 de
792 243 832 259 vno,
852 238 898 255 Petri
914 237 955 255 dicti

199 265 255 283 Sdum
267 270 308 283 cum
319 265 396 283 incussio
412 265 466 282 fratre
477 270 510 282 suo
526 265 548 282 da
560 265 599 286 aiio,
616 265 660 283 item
671 265 738 282 Mathia
749 269 790 282 cum
804 264 900 282 Maczkone
909 264 956 282 dicto

199 292 270 310 Slowak
281 291 303 309 da
314 292 374 313 tercio,
386 293 404 309 et
415 291 486 309 Nicolao
498 291 591 309 Zelkoulcz
602 296 643 309 cum
651 291 718 309 Mathia
725 291 772 310 dicto
783 291 850 314 Byslek
862 291 884 309 de
895 292 956 313 quarto

199 319 267 336 mansis
278 323 311 336 seu
321 318 377 336 laneis
389 323 422 336 sua
433 318 514 336 sollercia
526 319 544 336 et
555 319 592 336 lure
604 323 635 341 per
647 320 704 336 certos
716 318 795 339 arbitros,
810 318 893 336 videlicet
903 317 957 335 domi·

199 350 232 363 nos
243 345 359 363 Benedlctum
370 345 393 363 de
403 345 464 363 Madia
479 346 584 363 canonicum
599 346 617 363 et
631 345 726 363 officialem
742 345 863 363 Gneznenssm
874 345 893 362 et
903 344 957 362 domi·

199 377 243 390 num
261 372 386 390 wenceslaum
405 372 514 395 prepositum
531 372 588 390 sancti
604 372 686 390 Iohannis
704 373 753 389 extra
769 376 830 389 muros
846 371 957 389 Gneznenses

201 398 310 416 adiudicatas
323 404 368 416 anno
380 399 458 421 proxime
469 399 552 421 preterito
564 399 663 421 acquisiuit,
675 400 727 422 prout
737 398 771 416 hoo
782 399 801 416 in
812 399 891 421 ipsorum
902 398 957 416 literis

200 427 218 443 et
228 426 351 443 instrumentis
368 426 437 448 plenius
453 426 557 446 continetur,
576 430 630 448 quam
647 425 719 448 quidem
732 425 842 443 sentenciam
858 425 958 443 arbitralem

200 453 257 470 ratam
275 453 293 470 et
311 453 380 474 gratam
399 452 490 473 habentes,
505 453 563 475 ipsam
580 452 610 470 hic
624 452 689 470 habere
704 452 787 470 volumus
802 452 912 469 sufficienter
927 456 958 474 pro

201 484 289 502 expressa,
306 480 355 502 ipsas
373 479 428 501 igitur
448 480 523 501 quatuor
540 479 636 497 maldratas
653 484 694 497 cum
710 484 741 496 sex
758 479 825 501 grossis
842 478 865 496 de
881 478 959 501 quolibet

200 505 317 523 kmethonum
329 505 448 528 predictorum
465 511 496 528 pro
508 506 597 523 alimentis
613 507 631 523 et
642 506 773 523 sustentacione
788 505 883 523 scolarium
894 510 959 528 paupe-

201 537 246 553 rum,
258 533 278 550 vt
289 533 401 555 premittitur,
417 533 436 550 in
448 532 495 550 dicta
506 532 555 550 scola
566 532 682 553 studenciurn,
699 537 740 550 cum
754 537 815 550 marca
825 532 880 550 tercia
891 536 959 554 grosso-

200 564 241 577 rum
252 559 274 577 de
281 559 428 581 Iammbmffl)
440 559 513 580 addidit,
525 559 624 581 assignault
631 564 652 577 ac
660 564 701 577 cum
711 560 770 577 nostro
782 560 800 577 et
811 559 886 577 fratrum
892 559 959 576 nostro-

200 591 240 603 rum
252 591 339 604 oonsensu
350 586 430 603 vnanimi
441 586 548 609 incorporari
559 586 664 609 procurauit
688 586 808 608 Quasquidem
816 585 912 603 maldratas
918 590 959 603 cum

200 613 281 635 pecunijs
293 612 376 635 predictis
388 614 445 630 rector
456 613 508 634 scole,
520 613 551 635 qui
558 618 590 635 pro
597 614 676 635 tempore
684 613 742 634 fuerit,
754 617 785 636 pro
798 613 886 630 alimentis
898 617 959 635 oppor-

201 640 254 660 tunis,
266 639 320 660 lardo,
332 640 381 662 pisis.
393 639 469 662 panibus
481 640 499 657 et
510 639 551 662 aiijs
562 640 611 657 iuxta
618 644 733 662 personarum
745 640 763 657 et
774 640 874 662 temporum
885 638 960 661 qualita-

201 667 237 684 tem
249 666 272 684 de
283 667 337 687 tanto,
353 667 419 688 quanto
436 667 505 689 poterit,
523 666 600 684 fideliter
616 666 731 689 dispensabit,
746 667 798 689 prout
811 671 844 684 sue
855 665 960 683 discrecioni

201 693 290 710 videbitur
301 693 410 713 iaciendum;
426 694 445 710 in
456 693 520 715 quibus
537 693 616 711 eiusdem
628 694 700 711 rectoris
712 693 764 714 scole,
782 693 889 715 quicumque
900 692 959 713 fuerit,

202 720 331 737 conscienciam
342 724 441 737 oneramus.
464 720 525 737 Voluit
540 721 620 743 preterea
636 720 715 743 prefatus
733 720 815 738 dominus
831 720 893 737 Petrus
904 719 960 737 scola-

201 747 262 768 sticus,
274 746 321 769 quod
332 747 390 764 rector
401 746 474 769 quilibet
485 747 503 764 in
515 747 600 770 principio
612 747 640 765 sui
652 748 748 765 rectoratus
757 747 849 765 scolastico
861 746 960 765 Gneznensi

202 774 233 791 aut
244 778 276 791 suo
288 774 359 791 nomine
371 773 446 791 dominis
459 773 480 791 dc
492 774 574 796 capitulo,
588 774 619 796 qui
630 775 720 797 presentes
732 775 789 795 erunt,
804 774 838 791 sub
849 774 961 791 consciencia

202 805 235 818 sua
246 801 341 823 promittet,
358 801 466 823 proscriptas
481 802 517 818 tres
530 806 598 818 marcas
614 805 716 823 grossorum
734 806 775 818 cum
787 800 878 819 maidratis
890 801 908 818 et
919 801 960 823 aliis

203 827 284 850 pecuniJs
296 828 314 844 in
326 827 382 845 dictos
390 832 433 845 vsus
444 832 543 850 pauperum
551 827 653 845 clericorum
665 827 746 849 fideliter,
757 828 777 845 vt
786 828 879 851 prefertur,
891 827 960 850 dispen-

202 858 241 871 sare
253 859 274 871 ac
286 853 307 871 de
319 854 406 876 perceptis
418 855 436 871 st
447 854 469 871 de
481 855 564 877 expositis
575 854 673 876 scolastico,
685 855 715 877 qui
727 859 758 877 pro
770 855 848 877 tempore
860 854 919 875 luerit,
931 855 960 872 vel

202 881 220 898 in
232 881 261 898 sui
272 880 355 898 absencia
366 881 508 903 procuratoribus
525 881 596 904 capituli
615 881 673 903 aliquo
685 881 753 899 dierum
770 882 812 899 anto
825 881 891 899 festum
902 882 961 899 sancti

202 907 272 925 Martini
284 908 386 929 (racionem)
398 907 480 925 exhibere
492 913 513 925 ac
524 908 582 930 ipsam
596 907 655 926 iacere
669 908 761 929 tenebitur,
777 909 870 931 presertim
881 909 961 931 tempore

202 934 329 956 resignacionis
340 934 369 952 sui
380 935 476 956 regiminis,
492 935 507 952 si
520 935 542 952 ab
557 935 595 957 ipso
607 935 691 957 exigetur.
714 935 806 957 Disposuit
820 936 900 957 preterea
911 940 960 958 sepe-

202 961 260 978 dictus
272 961 354 978 dominus
368 961 430 979 Petrus
447 961 551 979 scolasticus
563 961 586 979 ad
597 961 635 982 hoc,
652 963 673 979 ut
684 961 782 984 predictum
799 963 926 980 tastamentum
938 962 961 980 dc

202 988 250 1005 facili
268 992 303 1005 non
319 988 383 1010 periret
400 989 418 1005 et
433 988 566 1006 benefactorum
582 988 706 1006 denmctorum
723 989 791 1006 scilicet
808 989 854 1011 iugis
866 988 961 1006 haberetur

203 1015 292 1035 memoria,
309 1016 329 1032 ut
340 1015 416 1032 scolares
428 1015 512 1037 predictis
524 1015 624 1033 elemosinis
636 1016 710 1036 vtentes.
728 1015 804 1038 singulis
816 1015 960 1039 Quatuortempo-

202 1041 251 1059 ribus
268 1042 315 1062 anni,
331 1041 399 1059 scilicet
410 1042 455 1059 teria
472 1042 550 1059 secunda
566 1042 646 1064 proxima
662 1043 743 1065 sequenti
760 1042 829 1065 prefata
840 1042 927 1065 Tempora
938 1042 960 1060 de

202 1073 241 1085 sero
253 1068 313 1090 aliqua
324 1068 367 1086 hora
378 1069 485 1091 competenti
496 1070 537 1086 ante
549 1068 578 1086 ucl
593 1070 633 1091 post
644 1074 726 1091 vesperas
738 1069 808 1091 vigilias
823 1074 888 1087 nouem
899 1069 960 1087 leccie

203 1100 251 1115 num,
263 1095 344 1117 sequenti
355 1100 396 1112 vero
408 1095 441 1116 die,
454 1096 521 1113 scilicet
533 1095 577 1113 feria
589 1096 643 1113 tercia
650 1095 672 1113 de
684 1100 735 1113 mane
744 1096 818 1113 missam
829 1095 851 1113 de
863 1096 960 1114 defunctist

206 1121 234 1143 „Si
246 1122 294 1139 enim
302 1122 400 1140 credimus*
413 1121 539 1143 decantabunt;
551 1122 647 1145 presbitero
655 1127 701 1144 vero,
712 1123 777 1141 vicario
790 1122 869 1141 eiusdem
881 1123 960 1144 ecclesie,

202 1148 273 1171 vigilias
293 1149 310 1166 et
329 1149 402 1166 missam
422 1149 545 1167 detunctorum
563 1149 654 1170 officianti,
676 1151 751 1172 quatuor
770 1154 842 1172 grossos
861 1151 960 1168 communis

203 1177 272 1193 monete
284 1176 369 1198 magister
380 1176 427 1193 scole
439 1175 461 1193 de
472 1176 553 1199 pecunijs
560 1176 644 1199 predictis
652 1176 778 1194 resultantibus
791 1177 893 1199 assignabit,
916 1177 960 1195 Item

202 1203 260 1220 rector
270 1202 323 1223 scole,
340 1203 447 1225 quicumque
463 1203 521 1223 merit,
538 1203 560 1220 de
571 1203 654 1226 predictis
672 1203 754 1221 censibus
770 1204 788 1221 et
800 1204 840 1226 aliis
852 1203 874 1221 de
885 1205 961 1226 quatuor

203 1229 281 1247 candelis
294 1230 361 1252 cereiJs,
374 1229 425 1247 dictis
435 1230 548 1251 postawniki,
561 1235 592 1252 pro
604 1230 683 1252 exequijs
695 1229 802 1251 huiusi-nodi,
814 1232 876 1253 quater
887 1231 960 1249 inanno

203 1255 313 1278 peragendis,
325 1256 428 1278 prouidebit.
451 1256 474 1274 Et
485 1257 527 1279 qula
538 1257 635 1279 prescripte
647 1259 682 1274 tres
694 1262 754 1274 marce
764 1262 867 1279 grossorum
878 1258 925 1279 suut,
940 1259 961 1275 ut

203 1283 320 1305 preserIptum
332 1284 364 1303 est,
379 1283 398 1300 in
409 1283 451 1301 viiia
461 1284 591 1301 Iammbkowo
606 1283 662 1305 tytulo
673 1284 789 1306 reempcionis
802 1285 907 1307 comparate,
922 1289 960 1307 pro-

202 1309 289 1333 pterquod
300 1310 317 1328 sl
328 1310 346 1327 et
357 1309 426 1333 quando
438 1310 552 1333 contingeret,
564 1310 638 1329 heredes
650 1310 672 1328 de
682 1311 813 1329 Iammblwwo
824 1311 912 1334 predictas
924 1313 960 1329 tres
