1040 1506
188 76 222 93 220

189 125 226 142 229.
251 126 299 142 1414.
311 125 340 142 die
352 126 378 143 18.
391 125 457 143 mensis
469 125 540 148 Aprilis,
553 125 638 144 Gnesnae.

269 178 380 197 Arbitror-um
396 179 506 201 quorundam
522 179 617 200 decretum,
634 180 680 197 inter
691 179 782 198 Nicolaum
799 180 885 198 Grosman
897 181 951 198 recto-

188 210 226 223 rem
238 206 324 223 ecclesiae
335 205 357 223 de
370 206 458 224 Waliszew
469 207 487 223 et
499 207 589 224 cmetones
603 206 625 224 de
636 207 739 224 Komorowo
750 207 772 225 de
784 207 886 225 missalibus
898 212 951 225 anno-

188 233 217 250 nis
228 232 278 250 litem
290 232 379 250 dirimens.

269 286 289 303 In
300 287 371 304 nornine
382 286 454 304 Domini
466 292 523 305 amen.
547 287 583 305 Sub
599 292 644 305 anno
660 287 762 305 Natiuitatis
773 288 846 305 Domini
858 288 952 305 millesimo

189 313 362 335 quadringentesimo
374 313 426 334 Xllll,
441 313 540 331 indiccione
552 314 587 335 Vll,
602 314 717 337 pontificatus
732 315 840 332 sanctissimi
852 315 870 332 in
882 314 951 332 Christo

188 340 244 362 patris
256 340 274 357 et
285 340 352 357 domini
364 341 424 361 nostri,
440 340 507 358 domini
518 341 601 359 Iohannis
613 341 674 359 diuina
688 341 803 364 prouidencia
814 346 859 364 pape
870 342 950 359 vicesimi

188 367 238 389 tei-cij
251 371 297 384 anno
313 367 369 389 ipsius
384 368 452 389 quarto,
469 367 497 385 die
508 367 596 390 Mercurij,
611 367 667 385 XVIII
679 369 745 386 mensis
759 368 830 391 Aprilis,
846 368 889 386 hora
901 369 951 391 quasi

189 398 308 416 vesperorum,
325 394 344 411 in
359 393 411 411 domo
428 394 545 412 habitacionis
562 394 669 412 honorabilis
680 395 714 412 viri
730 395 797 412 domini
811 395 895 417 Boguslai
907 395 951 413 alias

188 420 258 442 Bogute
275 421 355 438 canonici
373 421 495 442 Vneouiensis,
512 421 630 439 vicecustodis
651 423 669 439 et
689 422 767 439 altariste
787 422 900 443 Gneznensis,
917 422 952 440 sita

189 447 236 464 circa
247 447 305 470 ipsam
317 447 410 465 ecclesiam
426 448 553 469 Gneznensem,
569 449 588 466 'm
603 449 638 466 mei
654 449 717 471 notasij
733 448 799 471 publici
811 448 906 471 subscripti
917 450 952 466 tes>

188 474 268 496 tiumque
283 474 436 497 innasci-iptorum
453 475 475 492 ad
490 475 524 492 hoc
535 476 638 493 vocatorum
653 475 753 498 specialiter
768 476 786 493 et
801 477 902 497 rogatorum
914 481 951 498 pre-

188 501 254 522 sencia,
272 501 363 518 constituti
379 501 494 524 personaliter
511 501 598 519 discretus
615 502 647 523 vir,
666 501 748 520 dominus
765 502 848 520 Nioelsus
865 502 951 520 Grosman

188 527 269 545 altas-ista
280 527 388 545 Gneznsnsis
400 529 418 545 et
429 530 486 546 rector
501 528 607 551 parochialis
619 529 637 546 in
650 529 741 547 Valiszewo
754 529 874 550 ecclesiarum,
890 534 922 547 suo
934 530 952 547 et

188 554 235 572 dicte
247 554 321 572 ecclesie
333 560 365 573 sue
376 555 482 578 parochialis
494 555 601 577 nominibus,
613 561 634 573 ex
646 560 686 577 vna,
702 557 720 573 et
734 555 804 579 prouidi
815 556 849 574 viri
860 561 922 574 omnes
933 557 951 574 et

188 582 302 603 singulariter
319 582 392 604 singuli:
408 582 474 600 Hancel
492 582 592 603 wlodariiis,
609 582 676 603 Bedko,
694 583 748 604 Vach,
765 583 845 604 Michael,
863 583 951 604 Nieolaus,

189 608 295 631 Stephanus,
311 608 378 629 Petrus,
397 608 456 631 Pyoch
473 609 505 632 filij
525 609 643 631 Bagnueuicz,
662 609 749 632 Woydilo,
766 610 870 631 Stanislaus,
888 610 950 632 Firley,

188 635 328 656 Bai-tholomeus,
343 635 448 656 Petrassius,
462 636 558 657 Vitoslaus,
574 636 658 654 Albertus
670 641 724 658 gener
735 636 852 657 Vanczkonis,
869 636 952 654 Nisolaus

188 662 293 684 Raboczycz,
305 662 389 680 Nicolaus
401 663 444 680 alias
456 662 507 684 Mixa,
520 663 650 684 Wawrzantha,
662 663 727 681 Paulus
739 663 850 686 Przybconis,
865 663 951 681 Martinus

188 690 206 706 et
222 689 306 706 Aibertus
324 689 445 710 Wansmuics,
463 689 568 707 kmethones
588 690 606 707 in
623 690 721 708 Comorowo
739 690 847 708 Gneznensis
865 690 951 713 dyocesis,

188 716 239 738 parte
250 715 272 733 ab
285 716 344 737 altera,
360 716 378 733 in
390 721 449 737 causa,
466 721 519 738 quam
531 716 578 734 idem
594 716 676 734 dominus
688 716 770 734 Nicolaus
786 717 872 739 plebanus
884 717 951 735 eisdem

187 742 271 760 wlodario
287 744 305 760 st
319 742 446 761 kmethonibus
461 748 514 766 super
529 743 598 761 duabus
614 744 702 761 mensuris
713 744 753 766 puri
764 743 825 767 bladii,
841 744 893 762 vuius
905 744 952 762 vide-

187 769 229 787 iicet
245 769 321 791 siliginis
336 771 354 787 et
369 770 442 787 alterius
460 775 521 791 auene,
537 771 608 788 racione
625 771 724 788 missalium
739 775 849 789 annonarum
861 772 879 788 et
890 776 952 789 earum

189 797 282 814 occasione
293 797 369 819 singulis
381 797 432 814 annis
444 796 466 814 de
478 797 556 819 quolibet
564 802 631 818 manso,
643 802 703 815 coram
712 797 774 815 eodem
784 797 855 815 domino
862 798 951 820 Bogust

189 823 246 841 iudice
259 824 380 841 commissario
392 823 499 841 honorabilis
512 823 578 841 domini
590 824 658 842 Nicolai
666 824 774 842 Strzesconis
782 825 857 847 protunc
869 825 951 842 officialis

189 850 302 871 Gneznensis,
321 851 340 868 in
356 851 414 873 prima
427 851 533 868 auctoritate
550 851 639 869 ordinaria
650 852 668 869 et
679 851 740 873 vigore
755 852 836 874 rescripti
848 852 952 869 auctoritaie

188 877 285 899 apostolica
296 881 356 894 coram
367 877 465 895 honorabili
476 878 514 895 viro
526 877 597 895 domiuo
608 877 685 895 Iohanne
700 878 791 896 lancouicz
803 878 825 895 de
836 878 951 899 Namisiauia,

188 904 272 921 canonico
285 905 302 921 et
314 904 388 921 officiali
400 904 548 925 Wratisiauiensi,
560 905 641 922 similiter
652 904 711 922 iudice
719 905 840 923 commissario
849 905 901 923 dictis
912 910 951 928 par-

188 930 235 948 tibus
248 935 259 948 a
270 930 315 948 Sede
324 930 420 953 apostolica
428 931 528 953 specialiter
536 931 625 955 deputato,
637 932 655 949 in
668 931 746 950 secunda
753 932 881 950 instanciamm
893 937 951 950 moue-

187 958 219 975 bat
230 959 248 975 et
259 959 319 975 mouet
331 957 353 975 de
364 958 447 980 presenti,
463 958 548 979 volentes,
563 960 583 976 vt
594 959 681 980 dicebant,
697 959 755 976 eidem
771 963 824 976 cause
836 964 857 976 ac
869 959 950 977 omnibus

188 985 206 1002 et
217 984 293 1006 singulis
309 985 440 1007 controuersijs,
455 985 522 1006 litibus,
537 985 657 1008 dispiicenciJs
674 987 692 1003 et
707 985 800 1008 discordiis
812 985 874 1003 exinde
886 986 950 1003 exortis

187 1012 258 1034 propter
275 1011 341 1029 bonum
353 1012 407 1033 pacis,
427 1012 507 1029 amicicie
519 1013 537 1029 et
548 1012 618 1030 comodi
635 1017 712 1035 parcere,
730 1017 765 1030 non
781 1013 842 1033 coacti,
860 1017 892 1030 con
905 1017 951 1030 com-

187 1038 240 1060 pulsi,
257 1043 289 1055 neo
304 1038 363 1060 aliquo
375 1043 432 1056 errore
444 1038 518 1059 seducti,
536 1039 567 1056 sed
579 1039 601 1056 de
613 1044 673 1056 eorum
689 1039 740 1060 bona,
758 1039 813 1057 libera
825 1040 842 1057 et
854 1040 951 1062 spontanea

187 1065 279 1082 voluntate
290 1066 308 1082 et
319 1065 399 1082 vnanimi
411 1070 508 1083 oonssensu
519 1066 537 1083 in
549 1065 660 1083 honorabiles
674 1066 727 1087 viros,
742 1065 822 1084 dominos
842 1066 950 1088 Boguslaum

188 1091 292 1109 canonicum
304 1092 446 1114 prenominatum
458 1093 476 1109 ot
487 1092 599 1110 Domkonem
614 1092 712 1110 altaristam
727 1092 848 1111 Gneznensem
863 1094 882 1110 et
892 1093 950 1116 pleba-

188 1123 231 1136 num
243 1118 265 1136 ad
277 1119 359 1136 sanctum
371 1118 488 1136 Laurenoium
500 1119 519 1137 in
527 1119 610 1137 suburbio
620 1119 719 1137 Gneznensi
726 1119 846 1141 ecclesiarum,
859 1121 950 1142 tamquam

187 1146 206 1163 in
218 1145 298 1166 arbitros
316 1145 434 1166 arbitratores,
451 1145 552 1164 laudatores
569 1147 587 1164 et
602 1146 704 1164 amicabiles
719 1147 844 1169 compositores
856 1147 950 1169 sollempni

187 1172 303 1194 stipulacione
319 1173 380 1195 preuio
400 1172 422 1190 de
439 1173 474 1190 alto
492 1174 509 1190 et
528 1173 581 1191 basso
598 1174 616 1191 in
634 1173 696 1194 sonna.
714 1178 748 1196 que
765 1174 860 1196 excogitari
880 1174 949 1196 poterit,

187 1199 255 1216 meliori
266 1199 429 1222 compromiserunt,
442 1199 504 1217 dantes
513 1201 531 1217 et
538 1200 654 1217 concedentes
662 1200 789 1223 prenominatis
798 1200 873 1218 dominis
881 1200 950 1222 Bogute

188 1226 205 1243 et
216 1225 306 1243 Domkoni
318 1226 388 1244 arbitris
399 1226 471 1249 plenum
484 1226 588 1244 mandatum
600 1228 618 1244 et
623 1227 743 1245 omnimodam
754 1228 861 1250 potestatam
869 1227 887 1244 in
895 1228 949 1245 omni-

187 1252 221 1270 bus
233 1253 252 1270 et
263 1253 338 1274 singuiis
349 1253 447 1275 promissis,
459 1254 479 1271 ut
490 1254 559 1276 possint
573 1253 677 1276 simpliciter
688 1255 706 1271 et
717 1253 739 1271 de
750 1254 808 1276 plano,
825 1254 863 1271 sine
875 1254 950 1276 strepitu

188 1279 206 1296 et
217 1279 276 1301 figura
288 1279 348 1302 iudicij
361 1284 472 1302 cognoscere,
485 1280 590 1301 examinare,
602 1280 685 1301 iudicare,
697 1280 782 1301 arbitrari,
795 1280 867 1298 laudare
878 1281 896 1298 et
907 1281 950 1298 ami-

188 1305 268 1324 cabiliter
279 1311 389 1330 componere,
405 1307 423 1324 et
435 1306 500 1325 auditis
512 1306 564 1324 dictis
575 1307 655 1330 partibus
668 1308 685 1325 et
697 1312 758 1325 earum
769 1307 843 1329 iuribus,
858 1308 950 1330 allegacio-
