1040 1506
183 78 217 95 374

185 127 241 149 ipsius
255 127 334 147 ecclesie.
346 127 467 149 procuratores
479 126 556 149 capituli,
570 127 601 149 qui
612 131 643 149 pro
655 128 734 149 tempore
745 127 816 148 fuerint,
827 133 848 145 se
859 129 944 146 intromit-

184 155 221 171 tere
232 153 308 171 debeant
319 154 337 171 et
349 154 432 175 [nomine]
447 153 520 176 capituli
531 153 627 176 possidere.
649 153 676 171 Ita
690 153 737 176 quod
749 154 832 177 deinceps
844 155 944 178 quicunque

184 181 223 203 post
235 180 337 198 huiusmodi
348 181 435 198 statutum
447 181 465 197 et
476 180 619 198 constitutionem
635 180 658 198 ad
671 180 772 202 dignitates,
787 182 898 204 personatus,
915 182 944 200 uel

184 208 299 225 canonicatus
310 208 328 225 et
339 206 438 230 prebendas
452 206 518 224 fuerint
529 207 611 228 instituti,
629 207 719 229 gaudeant
735 208 821 230 pensione
832 208 945 231 infrascripta

183 235 201 251 et
213 233 234 251 de
246 234 286 257 ipsa
296 234 333 252 sint
344 234 426 254 contenti,
438 238 471 251 nee
482 234 523 256 plus
534 234 594 256 petere
605 234 674 256 possint
685 234 749 256 quauis
758 235 831 256 ratione,
844 235 914 257 ingenio
926 237 945 253 et

183 260 241 278 colore
252 273 340 278 ......
352 260 434 278 dominus
446 261 551 283 prepositus,
563 261 594 283 qui
605 261 661 278 maior
674 260 761 283 dignitate
772 262 813 284 post
824 262 944 284 pontificalem

183 288 202 305 in
214 288 253 310 ipsa
264 287 339 305 ecclesia
351 288 414 308 existit,
426 288 490 309 viginti
502 287 583 305 marchas
596 300 683 305 ......
696 287 725 310 sii]
734 293 776 306 uero
784 288 847 311 prelati
858 288 945 307 habentes

183 314 279 336 dignitates
298 314 328 332 uel
344 315 449 337 personatus
465 314 545 332 eiusdem
564 314 638 332 ecclesie
654 315 672 332 et
688 315 707 332 in
717 315 757 338 ipsa
768 315 844 333 ecclesia
854 315 944 336 intitulati,

183 341 257 363 quilibet
268 342 346 364 ipsorum
360 341 438 359 sedecim
457 341 544 362 marchae,
562 341 642 359 canonici
658 346 700 359 uero
718 341 821 364 prebendati
837 343 855 360 et
871 342 946 364 quilibet

184 368 263 390 ipsorum
274 367 368 386 duodecim
379 367 461 386 marchas
473 369 543 385 monete
550 368 645 386 Bobemice
654 369 724 386 numeri
732 368 815 390 Pohmici,
827 368 946 391 quadraginta

185 395 224 412 octo
235 399 307 417 grossos
318 399 350 417 pre
368 395 440 412 marcha
457 394 580 417 computando,
598 400 630 412 seu
641 395 679 413 loco
690 400 793 417 grossorum
804 395 946 413 Bohemicslinm

184 421 286 443 cquiualens
298 422 317 439 in
328 422 400 439 moneta
411 422 487 439 surrenti
499 422 518 439 in
529 426 583 444 regno
595 421 666 439 Polonie
677 426 708 444 pro
716 423 795 444 tempore
802 427 834 445 pro
841 422 945 445 corporibus

183 449 201 466 et
213 448 273 466 tundis
285 448 398 471 dignitatum,
414 449 541 471 personatuum
552 450 571 466 et
584 448 714 471 prebendarum
723 448 801 466 babeant
812 450 830 467 et
841 450 945 472 percipiant„

183 479 252 493 necnon
264 475 338 497 quilibet
354 476 433 498 ipsorum
444 480 476 498 pro
488 480 560 498 corpore
576 476 594 493 et
611 475 666 493 tundo
682 475 747 493 habeat
763 476 781 493 et
799 476 886 498 percipiat
897 477 946 494 omni

183 506 229 519 anno
241 502 260 519 in
271 501 317 519 testo
328 502 462 520 Purificacionis
473 503 535 520 sancte
544 502 598 520 Maria
607 502 681 524 virginis
693 507 705 520 a
715 502 858 525 procuratoribus
866 503 945 525 capituli,

183 529 214 550 qui
224 533 256 551 pro
269 530 347 551 ternpore
358 528 424 546 inerint
440 528 520 551 deputati
538 530 556 546 et
572 529 628 550 electi,
648 530 666 546 et
682 528 715 546 hoc
726 529 766 547 siue
776 529 842 552 preren
852 529 915 552 preinu
927 531 946 547 et

183 556 263 573 canonici
275 555 372 573 residentes
383 555 450 573 inerint
459 556 498 573 siue
506 555 588 573 absentes
600 556 622 573 ab
634 555 709 573 ecclesia
720 560 741 573 ex
752 556 816 578 quauis
824 561 879 573 cansa
890 556 945 577 iustu

183 582 212 605 aiij
225 587 268 600 uero
279 582 353 603 tructus,
370 582 455 603 redditus,
467 583 569 605 prouentus,
583 582 651 600 decime
665 584 684 600 et
694 582 815 604 obuentiones,
831 583 847 600 si
858 583 889 605 qui
900 584 918 600 et
929 583 946 601 si

183 614 217 631 que
229 609 349 632 superfuerint
360 610 391 627 sut
402 610 421 627 in
432 610 523 632 posterum
538 610 652 630 excreuerint,
667 614 699 632 pro
714 609 848 627 imminentibus
860 609 946 632 quotidin-

183 636 211 653 nis
222 636 305 654 oneribus
317 636 374 659 ipsius
385 636 459 654 ecclesie
470 636 601 659 supportandis,
614 636 728 659 applicentur,
740 637 772 654 aut
781 636 828 654 inter
839 636 915 659 prelatos
927 638 947 654 et

184 663 279 680 canonicos
297 663 353 686 ipsius
365 663 444 683 ecclesie,
462 663 510 680 circa
521 663 578 685 ipsam
594 663 687 681 ecclesiam
702 663 813 685 personalem
830 662 945 681 residentiam

182 689 269 707 facientes
281 690 299 707 et
310 689 375 707 diuinis
387 689 453 712 officijs
465 690 590 707 interessentes
602 691 621 707 et
631 694 667 707 non
678 690 728 711 alias,
739 689 816 707 infirmis
828 694 860 707 seu
872 690 920 707 iuste
927 691 946 707 et

183 716 283 734 rationabili
294 716 379 739 corporali
393 717 500 734 necessitate
515 716 545 734 uel
562 716 581 734 in
597 716 720 734 communibus
736 716 811 734 sceleste
828 716 911 739 semicijs
927 717 946 734 et

183 743 262 766 negociis
274 743 364 766 occupatis
376 743 463 762 duntaxat
474 743 557 766 exceptis,
575 744 593 761 et
604 743 648 761 alias
662 744 711 761 iuxta
725 748 792 761 morem
804 744 822 761 et
833 742 945 761 consuetudi-

182 775 223 788 nem
240 771 259 788 in
276 771 316 793 ipsa
332 770 407 794 ecclesia
424 771 492 789 seruari
507 770 569 789 solitos
583 775 616 788 seu
627 771 680 793 prout
690 770 817 788 rationabiliter
828 770 945 793 imposterum

182 796 283 814 ordinatum
300 797 359 818 inerit,
376 802 407 820 pro
425 797 533 820 quotidianis
545 798 563 814 et
574 797 686 815 manualibus
704 797 857 815 distributionibus
868 797 946 819 siugulis

182 823 245 841 diebus
257 823 385 841 distribuantur
397 825 415 841 et
426 824 511 847 equaliter
523 823 630 842 diuiduntur.
652 823 730 842 Demum
741 828 783 841 uero
795 823 875 846 prefatus
890 823 945 841 domi-

181 856 217 878 nus
224 850 312 877 ⁸&colans
323 851 405 868 vicarius
412 856 434 868 ex
445 852 494 868 certa
505 851 580 868 scientia
591 850 671 874 predicta.
686 851 746 868 omnia
757 851 775 868 et
786 850 862 873 singula,
876 851 896 868 in
906 855 946 873 pre-

182 878 228 896 senti
246 878 313 895 statuto
331 878 418 899 contenta,
435 878 488 900 prout
505 878 570 895 sonant
586 878 674 898 continuo,
690 877 787 895 ratificauit
801 878 819 895 ot
833 877 944 900 approbauit.

182 906 243 927 eisque
256 904 338 923 omnibus
350 905 369 922 et
379 904 455 927 singulis
467 909 578 925 consensum,
594 905 717 922 auctoritatem
730 905 749 922 et
760 903 850 922 decretum
862 908 945 926 expresse

183 932 261 954 prestitit
272 932 290 949 et
301 932 411 954 interposuit,
428 931 545 954 pronuntians
561 932 580 949 et
595 931 687 949 declarans
701 931 800 954 prescripta
811 931 871 948 omnia
882 930 945 948 cedere

182 959 200 975 et
211 958 260 976 tacta
271 958 309 976 iore
320 958 343 976 ad
354 958 483 976 incrementum
495 958 554 975 cultus
566 957 622 975 diuini
633 963 664 981 pro
676 958 721 976 bono
733 958 781 975 statu
792 958 811 975 et
822 957 900 975 euidenti
911 958 945 975 uti-

182 984 231 1002 litate
243 985 323 1008 ipsorum
334 985 446 1003 dominorum
457 985 574 1002 statuentium
590 985 608 1002 et
625 985 699 1002 ecclesie
710 984 843 1005 Poznaniensis;
860 985 879 1001 et
889 984 945 1001 nichi-

182 1011 259 1029 lominus
270 1011 350 1034 preiatus
362 1011 445 1029 dominus
458 1011 542 1029 Nicolaus
558 1012 635 1029 vicarius
651 1012 669 1029 et
687 1011 730 1029 dicti
747 1011 814 1029 domini
828 1010 850 1028 de
867 1011 945 1034 capitino

182 1038 291 1056 concorditer
302 1039 389 1061 presentis
401 1038 464 1056 statuti
475 1039 493 1056 et
504 1038 620 1056 ordinationis
630 1038 773 1059 ratificationem,
791 1037 945 1055 confirmationem

182 1066 200 1082 et
211 1065 361 1088 approbationem.
373 1065 504 1086 correctionem,
516 1064 629 1086 additionem,
641 1064 781 1085 diminutionem,
794 1064 945 1082 modificationem

181 1093 200 1109 et
211 1091 308 1114 quamlibet
319 1092 482 1114 interpretationem
498 1091 567 1115 pretato
579 1091 675 1109 reuerendo
686 1092 733 1115 patri
744 1091 816 1109 domino
827 1091 898 1109 Andree
909 1091 944 1114 epi-

181 1123 235 1141 scopo
247 1118 362 1136 Poznaniensi
373 1120 491 1140 reserum-unt,
509 1119 632 1141 promittentes
650 1120 668 1136 et
684 1119 814 1137 consentientes
829 1117 944 1139 concorditer,

182 1145 252 1163 nemine
263 1145 380 1168 discrepante,
392 1145 439 1168 quod
450 1145 524 1168 quiquid
535 1146 554 1163 in
565 1146 657 1169 premissis
668 1145 748 1168 prefatus
760 1144 842 1163 dominus
850 1145 944 1167 episeopus

181 1172 294 1193 ordinauerit,
311 1172 443 1190 contii-manerii:
460 1173 478 1190 et
492 1172 621 1195 approbauerlt.
638 1172 737 1193 correxerit,
754 1171 842 1190 addiderit
853 1171 881 1189 uel
893 1171 944 1189 dimi-

181 1199 295 1220 nuel-iuhec
312 1200 372 1217 omnia
388 1200 432 1220 rata,
448 1200 499 1221 graia
514 1200 532 1217 et
543 1199 597 1217 firma
613 1199 704 1217 habebunt
715 1200 805 1222 perpetuo,
822 1198 895 1221 perinde
906 1199 944 1216 acsi

181 1226 220 1248 ipse
237 1225 320 1244 dominus
337 1226 431 1249 episcopus
446 1226 464 1243 in
482 1225 540 1244 medio
557 1226 637 1249 ipsorum
654 1226 774 1249 oapitmariter
785 1226 804 1243 et
815 1230 857 1243 eum
868 1225 912 1248 ipsis
923 1226 944 1243 ut

181 1252 258 1275 capitulo
270 1257 291 1270 ec
302 1253 337 1276 ipsi
354 1252 420 1271 domini
432 1257 473 1270 cum
491 1257 511 1271 eo
523 1253 616 1271 statuisset
627 1253 645 1270 et
656 1252 760 1273 ordinasset,
777 1257 798 1270 ac
810 1252 915 1270 stamissent
926 1253 945 1269 et

182 1279 297 1297 ordinassent.
320 1280 340 1297 In
352 1284 426 1302 quorum
438 1280 518 1298 omnium
530 1281 548 1298 et
559 1279 669 1302 singulorum
681 1279 736 1297 iidem
744 1280 763 1297 et
772 1279 893 1297 testimonium
905 1283 944 1301 pre-

181 1307 277 1325 missorum
288 1306 352 1330 preiatl
364 1306 431 1324 domini
442 1306 526 1326 Nicolsus
537 1307 614 1325 vicerlus
626 1307 644 1324 et
655 1306 717 1325 Petrus
732 1306 810 1325 decanus
825 1310 858 1324 suo
872 1307 890 1324 et
901 1306 944 1324 dicti
