1040 1506
831 93 863 111 ³81

104 145 167 159 versus
179 141 273 164 planiciem
283 141 357 160 ecclesIe
368 141 516 163 iurisdicionibus,
528 146 572 164 quas
580 141 615 160 sibi
622 141 665 159 dicti
673 142 721 159 ciues
732 142 751 159 in
759 141 865 164 quibusdam

103 168 205 187 hominibus
216 168 290 186 ecclesie
301 168 426 186 Poznaniensis
434 173 488 191 prope
496 169 590 186 ecclesiam
602 168 660 186 sancti
667 168 738 186 Martlni
749 168 864 190 morantibus,

103 195 226 216 vendicabant,
238 200 307 213 necnon
313 195 406 218 violencijs
418 200 439 213 ac
448 196 488 218 alijs
496 196 566 218 iniuriis
578 195 658 218 personis
666 195 796 216 ecclesiasticis,
808 195 865 213 homi-

102 222 155 240 nibus
170 223 188 240 et
202 222 279 240 subditis
293 223 372 245 ipsorum
386 223 473 244 irrogatis,
489 227 520 245 pro
536 222 601 245 quibus
612 222 682 240 diuerse
697 227 771 240 censure
783 221 865 240 ecclesia-

102 249 146 266 stice
158 250 219 267 contra
230 249 308 272 prefatos
323 249 372 267 ciues
384 250 402 267 et
413 250 504 267 ciuitatem
515 249 588 267 fuerunt
599 249 715 272 promulgate,
730 254 752 266 ac
763 249 798 266 alie
809 249 865 266 multe

102 276 221 294 controuersie
235 276 311 297 suborto,
326 277 376 299 parte
391 281 413 294 ex
427 276 487 297 altera,
502 276 577 294 matoria
593 276 697 298 questhrnis,
712 275 759 293 dicte
770 277 829 298 partes
841 275 864 293 ad

102 304 162 320 nostre
173 302 283 320 celsitudinis
295 304 406 325 presenciam
417 303 527 324 accedentes,
540 303 621 325 querelas
633 302 713 320 diuersas
724 307 760 320 vna
771 307 813 325 pars
824 307 864 320 con—

102 331 130 347 tra
141 329 194 347 aliam
206 330 318 352 propenebat.
342 329 421 347 Tandem
433 329 489 351 nobis,
505 330 535 352 qui
547 329 644 348 discordias
659 330 759 347 nostrorum
771 334 813 351 egre
824 329 864 347 ieri-

102 361 147 377 mus.
161 361 259 379 pacemque
275 357 293 374 et
307 357 427 374 sinceritatem
442 357 487 374 inter
500 359 570 374 nostros
582 356 639 374 cordis
651 356 719 374 affectu
730 356 864 379 complectimur

103 383 226 404 mediantibus,
241 384 320 401 volentes
335 383 357 401 ad
368 384 452 401 vnionem
468 384 547 402 caritatis
563 384 678 406 amicicieque
689 388 754 401 nexum
765 383 863 406 peruenire,

102 411 121 427 in
132 410 238 428 reuerendos
250 411 269 428 in
281 410 350 428 Christo
362 411 426 433 patres,
438 410 531 428 Albertum
539 412 601 428 sancte
609 410 717 429 Gnezaensis
724 410 798 428 ecclesie
808 410 863 428 arehi-

102 437 204 460 episcopum
216 438 234 455 et
245 438 344 460 primatem,
356 437 452 455 Iohannem
463 438 566 461 episcopum
575 437 703 458 Chelmensem,
715 438 733 455 et
743 437 863 455 venerabilem

102 464 197 481 Iohannem
209 464 346 486 Schaffranyecz
358 464 438 482 decanun
454 464 594 485 Cracouiensem,
610 465 690 482 nostrum
702 465 720 482 et
731 464 781 486 regni
792 463 866 481 Polonio-

102 491 231 512 cancellarium,
247 496 315 508 necnon
328 491 433 513 magnificos
445 491 582 514 Sandywogium
594 491 617 509 de
631 491 713 513 Ostrorou
725 491 862 508 Pomaniensem

101 519 119 535 et
130 517 222 535 Albertum
234 517 256 535 de
269 518 387 535 Wsclteradow
398 517 526 536 Kalissiensem
538 518 630 541 palatinos,
646 523 667 536 ac
679 518 722 535 alios
733 517 802 535 nobiles
813 517 862 535 iusti·

102 545 128 562 cie
139 544 229 565 zelatores,
245 545 337 567 tamquam
353 545 372 562 In
386 545 465 565 arbitros,
482 545 600 566 arbitratores,
615 546 719 562 tractatores
731 546 749 562 et
760 544 862 562 amicabiles

102 572 227 594 compositores
234 576 256 589 ac
263 576 366 589 communes
379 572 445 589 amicos
453 571 475 589 de
483 572 518 590 alto
530 573 548 589 et
559 572 611 590 basso
623 572 641 589 in
653 572 705 594 plena
716 571 774 589 forma
782 576 803 589 ec
814 571 862 588 latis-

101 598 147 615 sima
158 598 243 616 facultate
255 599 418 620 compromiserunt.
441 598 546 621 Quiquidem
558 599 625 617 domini
640 599 701 616 arbitri
716 599 787 621 recepto
802 597 861 615 huius-

103 625 151 642 modi
162 625 180 642 in
192 630 212 642 se
223 624 300 645 arbitrio,
317 626 426 644 sentenciam
438 626 540 643 arbitralem
556 626 602 643 inter
619 625 675 643 dictas
692 626 750 648 partes
762 624 861 648 promulga-

101 652 165 669 uerunt
180 652 198 669 et
214 657 246 674 per
256 651 346 674 prefatum
361 652 453 670 dominnm
464 652 557 670 Albertum
569 652 721 675 archiepiscopum
732 653 751 670 ot
761 652 861 674 primatem,

101 678 212 699 coarbitrum,
227 679 297 696 oraculo
309 679 350 696 viue
361 679 411 696 uocis
422 680 546 702 pronuncciari
557 679 688 700 ordinariorum,
703 679 793 696 sentencie
804 678 861 701 ipsius

104 705 237 728 approbacione,
256 705 399 727 confirmacione,
422 706 537 727 correccione,
560 706 706 729 interpretacIone
725 706 743 723 et
761 705 861 723 mutacione

102 732 193 750 addicione
210 733 227 750 et
243 732 363 750 diminucione
380 733 398 750 in
414 733 464 755 parte
481 732 510 750 uel
527 733 546 750 in
561 734 597 750 toto
614 733 674 750 nostro
689 732 745 755 regali
756 732 827 750 arbitrio
838 731 862 749 rle

100 759 231 782 sepedictorum
242 760 323 782 parcium
335 764 409 777 assensu
421 760 521 781 reseruatis,
535 761 587 783 prout
599 760 658 777 nostre
675 758 775 777 celsitudini
786 758 809 776 de
820 758 860 776 arti·

100 786 145 804 culis
157 787 288 809 pronunccintis
300 786 418 809 Infrascrlptis
429 791 461 809 per
471 786 550 809 prelatos
558 786 638 804 dominos
650 786 746 804 Iohannem
757 786 860 809 episcopum

100 812 222 831 Ghelmensem
240 814 259 830 et
276 813 372 831 Iohannem
391 813 516 831 cancellarium
534 813 605 836 plenam
622 813 702 831 fecerunt
721 813 827 831 relacionem
843 813 861 829 et

99 839 176 861 fidelem,
188 840 274 862 petentes,
285 845 326 857 eam
333 845 364 863 per
373 841 495 858 auctoritatem
507 841 586 858 nostram
594 841 661 862 regiam
673 839 770 863 approbare
777 840 795 857 et
802 838 860 857 eidem

99 866 152 884 robur
164 866 222 884 addici
230 868 314 889 perpetue
321 867 417 884 firmitatis.
440 867 477 884 Nes
488 868 549 885 autem
560 867 622 885 habita
629 867 757 885 deliberacione
768 865 860 888 solempni,

99 893 193 911 intellectis
205 894 223 911 et
237 894 343 911 examinatis
358 893 440 911 omnibus
456 899 467 911 a
482 894 583 917 sapientum
595 894 673 915 consilio,
690 899 724 916 que
736 898 789 916 super
800 893 860 910 causis

99 921 117 938 et
134 920 256 942 questionibus
271 925 340 938 necnon
358 921 490 943 pronuncciatis
507 921 587 939 articulis
605 921 697 944 premissis
713 919 828 942 intelligenda
842 920 861 937 ot

99 946 216 965 examinanda
227 947 303 968 fuerant,
315 952 346 970 pro
358 947 403 965 bono
414 948 464 970 pacis
472 949 490 966 et
498 948 557 970 quiete
567 948 647 971 parcium
659 947 747 970 prefatam
759 946 860 964 arbitralem

99 974 213 995 sentenciam,
226 974 316 995 detractis,
328 979 362 996 que
370 975 464 996 o[mino]sa
471 975 582 995 videbantur,
594 974 682 997 aliquibus
689 979 731 992 vero
742 979 774 997 pro
786 973 859 991 comodo

99 1001 179 1024 parcium
195 1001 326 1024 supperadditis
343 1002 360 1018 et
376 1002 464 1022 correctis,
480 1001 502 1019 de
513 1001 622 1024 plenitudine
636 1002 696 1019 nostre
707 1001 755 1023 regie
766 1000 859 1023 potestatis

100 1027 203 1050 supplendo,
218 1032 280 1045 omnes
292 1027 372 1046 defectus
384 1028 464 1046 eiusdem
476 1029 570 1049 sentencie,
587 1029 644 1051 ipsam
656 1028 788 1048 confirmamus,
804 1027 859 1045 ratifi-

99 1059 160 1072 camus
172 1055 190 1072 et
202 1055 325 1077 approbamus,
343 1056 361 1072 et
372 1055 430 1072 eidem
447 1056 506 1073 nostre
523 1055 621 1073 maiestatis
638 1055 686 1077 regie
703 1055 825 1072 auctoritatem
841 1054 859 1071 et

99 1081 189 1099 decretum
200 1082 306 1104 apponimus
314 1082 347 1099 sub
359 1081 393 1100 hac
404 1081 461 1099 forma
468 1083 553 1104 perpetue
561 1082 670 1099 duraturum*
693 1082 775 1104 Inprimis
786 1080 858 1103 quidem

98 1113 130 1131 per
140 1108 218 1131 prelatos
230 1108 311 1126 dominos
326 1108 400 1126 arbitros
417 1109 562 1131 pronuncciatum
580 1110 612 1130 est,
630 1108 706 1126 dicimus
721 1109 740 1126 et
750 1108 858 1128 ordinamus,

99 1135 146 1158 quod
157 1136 253 1153 canonicus
265 1135 389 1153 Poznaniensis
401 1135 459 1153 dietus
469 1136 526 1153 sancti
534 1136 604 1154 Martini
615 1136 634 1153 et
644 1136 673 1153 sui
680 1139 792 1153 successores
803 1135 858 1152 homi·

98 1167 129 1179 nes
142 1167 183 1180 cum
194 1162 281 1182 domibus,
297 1163 342 1180 areis
354 1163 372 1180 et
384 1163 431 1183 ortis,
447 1163 477 1185 qul
489 1164 532 1180 sunt
542 1167 596 1185 prope
610 1162 703 1180 ecclesiam
718 1162 776 1180 sancti
786 1161 858 1179 Martini

98 1189 116 1206 in
127 1188 212 1206 suburbio
229 1189 344 1206 Poznaniensi
355 1194 417 1206 versus
429 1189 516 1207 fossatum
532 1190 609 1207 ciuitatis
624 1189 748 1207 Poznaniensis
763 1189 782 1206 ln
797 1188 858 1206 dextr·

97 1216 147 1238 parte
158 1216 192 1236 vle,
204 1220 238 1238 que
250 1215 299 1233 ducit
310 1215 333 1233 de
344 1216 416 1233 ciuitate
427 1216 543 1234 Poznaniensi
553 1217 573 1234 in
584 1216 643 1237 Buk,¹)
656 1217 733 1234 montem
745 1216 803 1233 sancti
814 1215 858 1233 Mar-

98 1242 131 1260 tini
139 1242 256 1263 ascendendo,
267 1242 354 1265 plebanus
361 1247 403 1260 vero
415 1243 472 1261 sancti
480 1243 551 1261 Martini
562 1248 621 1261 aream
633 1247 685 1261 susm
697 1244 714 1260 et
725 1243 778 1264 ortos,
790 1242 857 1260 dudum

98 1269 116 1286 et
127 1273 175 1286 nunc
184 1274 275 1292 possessos
284 1269 348 1287 habeat
360 1283 598 1288 ...............
609 1270 709 1292 pertinenti,
721 1270 740 1287 in
751 1270 794 1290 iure,
806 1270 856 1287 iuris-

98 1295 171 1317 dioione,
188 1295 266 1313 dominio
277 1297 296 1313 et
311 1297 417 1319 proprietate
434 1296 504 1319 plenam
522 1298 540 1314 et
556 1296 676 1314 omnimodam
692 1297 797 1319 potestatem
815 1301 856 1314 cum

97 1321 182 1341 miiltate
193 1322 283 1342 iudicandi
291 1324 308 1341 et
316 1323 413 1341 mulctandi
424 1323 504 1342 homines
516 1324 535 1342 et
541 1322 622 1342 subditos
633 1323 731 1343 antedictos
742 1323 792 1342 iuxta
803 1327 856 1342 casus
