1040 1506
207 91 242 110 440

205 142 244 159 452.
269 141 318 159 142ss.
331 140 360 158 die
372 142 398 159 12.
410 141 477 160 mensis
489 140 603 164 Septembris,
615 139 741 158 Sandomiriae

285 194 387 212 vladislaus
404 194 422 212 11.
440 199 470 212 rex
487 194 570 212 Poloniae
586 194 645 212 ratum
662 194 706 212 iacit
721 194 834 216 privilegium
850 199 862 211 a
879 193 965 212 Kazimiro
985 179 989 181 >

204 226 247 244 rege
258 221 340 239 Polonias
351 221 426 239 Iaroslao
439 221 571 244 archiepiscopo
583 221 681 239 Gnesneusi
693 225 739 239 anno
752 221 800 239 1348.
812 221 927 243 impertitum.

283 275 304 293 In
315 275 386 292 nomine
392 274 464 292 Domini
473 279 530 292 amen.
553 274 582 292 Ad
589 275 693 297 perpetuam
704 275 730 292 rei
738 275 846 292 memoriam.
870 274 915 296 Quia
922 275 965 292 tunc

204 302 266 320 multis
278 307 356 319 errorum
368 302 386 319 et
397 301 491 319 dubiorum
502 301 598 324 prudenter
609 302 718 319 occurrimus
725 301 848 322 incommodis,
860 301 903 319 dum
914 302 965 324 gesta

205 329 257 346 etatis
269 330 328 346 nostre
339 328 431 346 litterarum
443 328 522 350 apicibus
534 329 552 345 et
563 328 636 346 testium
648 328 764 346 annotaoione
774 328 912 351 perhennamus,
926 333 964 351 pro-

204 355 245 373 inde
261 360 294 373 nos
309 355 423 376 wladislaus,
436 355 473 378 vDei
489 355 550 377 gracia
561 359 592 372 rex
603 355 679 376 Polonie,
695 359 764 372 necnon
775 356 862 373 terrarum
874 353 964 375 Cracouie,

204 382 319 403 Sandomirie,
332 382 405 403 Siradie,
421 382 507 402 Lnucioie,
523 381 601 403 Cuiauie,
621 381 759 404 Lythwauieque
770 382 852 405 princeps
864 387 963 405 supremus,

203 409 311 430 Pomeranie,
326 409 425 431 Russieque
440 408 523 426 dominus
541 409 558 426 et
573 408 625 426 heres
637 409 669 426 etc*
681 409 805 431 significamus
821 409 882 426 tenore
893 413 964 431 presen-

204 437 257 457 cium,
273 436 338 458 quibus
349 435 425 458 expedit,
442 436 535 456 vniuersis,
553 435 665 458 presentibus
681 436 699 453 et
710 435 780 456 tuturis,
797 436 909 458 presencium
921 436 965 453 noti—

204 463 250 481 ciam
262 462 354 483 habituris,
371 462 458 484 quomodo
470 462 489 479 in
500 463 561 479 nostra
572 463 590 479 et
601 462 687 479 baronum
704 463 805 480 nostrorum
821 462 913 485 presencia
924 467 965 479 con-

204 490 277 507 stitutus
292 489 451 507 reuerendissimus
465 489 484 506 in
501 488 570 506 Christo
586 490 641 511 pater,
660 488 742 506 dominus
758 489 841 506 Albertus
858 489 891 506 Dei
904 489 965 511 gracia

204 517 266 534 sancte
277 516 386 534 Gneznensis
401 516 475 533 ecclesie
487 515 631 538 archiepiscopus
647 516 665 533 et
680 516 752 538 primas,
769 516 837 533 sincere
849 515 900 533 nobis
912 515 963 533 dilect

204 544 238 564 tus,
251 543 340 565 quandam
351 542 428 560 litteram
440 547 481 560 eum
493 542 551 564 sigillo
563 542 661 560 maiestatis
672 543 782 560 serenissimi
793 543 883 565 principis,
898 542 966 560 domini

203 569 284 587 Kizimiri
295 569 336 587 diue
347 570 432 587 memorie
443 569 485 586 olim
497 569 545 591 regis
557 569 632 590 Polonie,
646 568 776 592 predecessoris
787 569 845 587 nostri
856 569 937 587 exhibuit
948 570 967 587 et

203 596 286 619 produxit
297 597 364 619 petens,
382 597 469 618 quatenus
481 596 579 618 predictam
593 596 663 613 literam
675 595 697 613 de
708 596 770 613 innata
781 596 894 613 celsitudinis
905 596 966 614 nostre

203 623 299 641 clemencia
310 622 399 640 ratificase
411 623 429 640 et
440 622 537 645 approbare
556 622 673 644 dignaremur.
697 622 824 645 Cuiusquldem
840 623 903 641 littere
914 624 966 640 tenor

204 649 226 667 de
237 649 291 667 verbo
303 649 326 667 ad
337 649 411 667 verbum
423 650 504 671 sequitur
515 650 533 667 et
545 650 572 667 est
584 649 633 667 talis:

284 676 393 698 „Kazimirua
404 676 437 693 Dei
445 677 506 698 gracia
516 681 547 693 rex
558 676 634 697 Paionia,
646 676 730 694 fidelibus
737 676 775 694 suis
783 676 873 699 palatinis,
885 676 966 694 castella-

203 704 248 724 „nis,
260 703 363 726 capitaneis,
374 703 522 725 procuratoribus,
537 702 630 724 iudicibus,
648 702 770 720 subiudioibus
782 704 800 721 et
811 703 905 724 rniuersis,
923 708 965 726 quo-

204 735 255 751 „rum
271 730 336 747 noticie
355 729 452 747 exhibitum
470 729 524 747 merit
540 734 613 752 presens
633 730 724 752 seriptum,
741 730 821 752 graciam
839 734 896 747 suam.
920 729 965 748 Cum

203 757 319 778 „venerabilis
337 757 355 774 in
367 756 436 774 Christo
447 758 502 779 pater,
519 756 602 774 dominns
613 756 700 774 Iaroslaus
712 756 745 774 Dei
762 757 823 779 gracia
835 757 908 774 ecclesie
920 756 965 775 Gne·

203 784 284 805 „znensis
304 783 447 806 archiepiscopus
466 784 537 806 propter
554 783 676 801 diuersitatem
692 783 777 805 iocorum,
796 784 815 801 in
834 784 899 806 quibus
918 784 965 801 bona

203 810 371 833 „archiepiscopalia
387 810 422 828 sita
438 811 480 828 sunt
497 811 515 827 et
530 810 649 828 hereditatum
663 810 737 828 ecclesie
753 810 832 833 predicte
843 810 964 833 pluralitatem

203 841 225 858 „a
236 842 256 854 se
268 838 286 854 et
296 837 343 854 inter
354 841 373 854 se
385 836 497 858 distancium,
513 842 546 860 per
557 837 644 859 quoslibet
661 837 731 858 citatus,
748 837 768 855 in
785 837 866 855 terminis
878 837 964 855 iudiciali-

203 864 248 885 „bus
260 863 332 881 comode
343 864 385 885 {non
396 864 460 886 potest]
473 868 575 886 comparere
586 865 605 881 et
615 863 699 886 predictis
711 863 827 886 personaliter
838 864 929 885 interesse,
942 863 965 882 ad

203 891 293 912 „nostram
309 891 327 908 et
342 890 428 908 baronum
444 891 545 908 nostrorum
562 891 672 913 presenciam
689 890 780 911 accedens,
799 890 850 908 nobis
865 891 964 908 instancius

203 917 327 940 „suppiicauit,
344 918 364 935 ut
381 917 415 934 sibi
432 917 479 935 hanc
495 918 554 939 gracie
571 918 703 940 prerogatiuam
715 931 904 935 ............
917 917 965 939 quod

203 945 231 965 „in
244 943 350 962 hereditaria
366 944 395 961 uel
412 944 475 966 quauis
492 944 527 962 alia
540 944 632 966 questione
649 944 668 961 in
679 944 777 966 quamlibet
788 944 852 966 agendi
865 945 896 962 aut
907 944 963 962 eciam

204 970 236 992 „de
248 976 268 988 se
283 970 355 988 cuilibet
374 970 474 993 querulanti
492 970 599 988 iudicialiter
617 975 649 993 per
667 972 789 993 procuratores
808 976 850 988 suos
866 971 964 993 legittimus

203 1011 419 1019 ..............
433 997 519 1018 fruentur,
535 998 599 1018 ratum,
615 998 687 1019 gratum
698 998 751 1020 atque
765 997 838 1015 firmum
850 997 915 1015 habere
926 1002 965 1021 pro·

203 1025 284 1046 „mitens
300 1023 387 1046 quidquid
398 1024 417 1041 in
429 1025 488 1042 causis
500 1024 574 1042 ecclesie
585 1029 617 1042 sue
629 1025 647 1041 et
658 1023 776 1042 hereditatum
788 1025 845 1047 ipsius
857 1024 965 1047 quibuslibet

203 1056 245 1074 „per
262 1052 383 1074 procuratores
400 1055 442 1068 suos
455 1064 692 1068 ...............
704 1051 805 1069 ordinatum
822 1052 874 1073 atque
890 1051 963 1069 tactum.

203 1078 250 1099 „Nos
262 1078 316 1100 igitur
327 1078 346 1095 in
357 1077 397 1098 hoc,
412 1082 435 1095 ne
447 1077 500 1098 aliud,
517 1082 572 1100 quain
583 1077 630 1100 quod
641 1078 736 1100 vnicuique
753 1077 837 1095 reddatur
848 1078 917 1096 iusticie
929 1078 964 1101 ple-

203 1105 275 1126 „nitndo
292 1104 403 1125 affectantes,
424 1109 447 1122 ne
467 1109 500 1127 per
517 1104 591 1127 frequen
615 1118 870 1123 ................
886 1104 963 1127 dignitas

202 1132 299 1153 „vilescere
309 1131 396 1153 videatur,
414 1132 433 1149 et
444 1132 490 1149 inter
501 1136 565 1154 graues
577 1136 599 1149 ac
609 1131 718 1149 venerabiles
733 1131 867 1154 mediocresque
879 1136 963 1154 personas

203 1158 319 1180 „diiierencia
330 1158 390 1176 saltim
401 1158 488 1176 habeatur
505 1158 591 1180 aliqualis,
607 1158 658 1176 vobis
671 1171 892 1176 ..............
904 1158 964 1176 lariter

203 1186 302 1207 „vnlnersis
314 1186 419 1203 auctoritate
430 1185 542 1208 presencium
557 1185 669 1208 precipiendo
681 1185 793 1206 mandamus,
810 1186 897 1207 quatenus
909 1184 963 1203 domi-

203 1217 258 1233 „num
269 1212 422 1235 archiepiscopum
429 1211 530 1235 predictum
538 1217 569 1235 per
576 1213 698 1235 procuratores
706 1217 748 1229 suos
759 1212 838 1234 ydoneos
847 1217 888 1230 cum
899 1212 962 1230 instru-

204 1240 274 1260 „mento
285 1238 315 1256 uel
327 1252 565 1256 ...............
578 1239 596 1256 et
607 1238 680 1261 capituli
694 1238 803 1256 Gneznensis
814 1239 878 1261 sigillis
889 1238 912 1256 da
922 1239 963 1257 rati-

204 1265 307 1287 ,ssabicione
323 1265 393 1287 signato
409 1265 439 1283 uel
456 1265 537 1288 signatis,
555 1270 599 1287 quos
613 1265 637 1283 ad
648 1270 721 1283 causam
738 1265 768 1283 uel
779 1270 844 1283 causas
855 1266 924 1283 miserit
934 1265 963 1283 uel

204 1292 331 1315 „deputauerit
349 1292 422 1315 elegerit
433 1293 465 1310 aut
476 1292 546 1310 duxerit
557 1292 648 1314 eligendos
660 1297 692 1310 seu
703 1292 799 1310 mittendos
811 1292 830 1310 in
841 1292 962 1315 questionibus

204 1318 327 1342 „hereditarijs
339 1324 372 1337 seu
388 1318 506 1337 hereditatem
517 1318 547 1337 uel
558 1318 684 1337 hereditariam
700 1319 810 1341 quesuonem
821 1319 963 1342 contingentibus
