1040 1506
846 88 879 105 287

116 138 167 156 cione
179 137 288 155 reuoluimus
300 138 318 155 in
330 137 405 155 armario
418 137 475 155 cordis
493 137 554 159 nostrj,
572 137 648 159 qualiter
659 136 737 154 adhibito
756 137 817 155 ordine
828 137 879 158 bono,

116 165 178 182 eadem
191 164 266 182 ecelesia
277 164 310 182 sub
322 165 382 182 nostro
397 165 483 186 regimine
495 165 560 181 nostris
575 164 684 186 temporibus
696 165 714 181 et
725 164 795 185 futuris,
812 165 849 182 tam
860 165 880 182 in

116 192 201 214 personis,
214 196 267 214 quam
279 192 298 209 in
309 191 362 209 rebus
374 191 434 209 debita
445 192 501 214 possit
512 191 590 213 recipere
602 191 727 213 adaugmenta:
739 191 812 213 proinde
824 197 880 215 nuper

116 219 135 236 in
151 219 225 240 Wyelun
240 218 372 239 daecendentes,
388 218 446 240 ipsam
463 218 557 235 ecclesiam
572 218 666 240 diligenter
682 219 811 240 conspeximus,
826 223 880 241 quam

116 245 177 268 pulcro
189 245 277 266 thezauro,
289 245 373 262 videlicet
384 245 402 262 in
414 245 510 265 ornatibus,
523 245 612 265 calicibus,
627 244 682 265 libris,
697 244 782 267 reliquijs,
795 245 880 268 clenodiis

116 273 217 289 inuenimus
235 272 343 292 adornatam,
361 276 396 294 que
413 271 446 289 sub
465 271 546 289 custodia
562 271 668 289 venerabilis
679 272 717 292 viri,
735 271 801 289 domini
817 271 880 290 decani

116 299 196 317 ciusdem
207 298 287 319 ecclesie,
298 299 332 316 viri
344 299 405 320 vtique
417 299 482 321 egregii
496 300 513 315 ct
525 299 601 319 venusti,
613 299 662 315 senio
674 298 746 315 tandem
758 299 793 316 iam
804 299 880 316 confecti

116 331 164 343 nunc
181 325 273 343 habentur.
297 325 431 347 Cogittauimus,
449 330 472 343 ne
487 326 528 347 post
543 326 618 342 mortem
635 325 714 342 eiusdem
732 325 798 343 domini
817 325 880 343 decani

117 353 176 375 aliquo
193 357 236 370 casu
254 352 355 375 huiusmodj
373 357 402 369 res
419 352 494 370 distrahi
511 352 580 374 possint
596 352 624 369 usl
642 351 720 374 deperdj.
744 352 806 370 Habito
826 353 880 374 igitur

117 380 194 397 tractatu
206 384 247 397 cum
259 379 320 397 eodem
332 379 403 396 domino
415 379 481 396 decano
493 384 562 396 necnon
574 379 644 401 egregio
656 379 712 396 milite
724 378 795 396 domino
805 379 880 397 Martino

117 406 139 424 de
151 407 243 424 C'alimma
255 406 350 424 castellano
358 405 454 423 Siradiensi
466 411 486 423 ac
498 406 596 428 capitaneo,
608 407 626 423 et
636 405 715 428 prouidis
723 406 766 423 virts
778 406 880 424 consulibus
910 417 912 419 -

117 433 267 456 Wyelunensibus
284 433 305 450 de
323 433 375 450 modo
393 432 477 450 seruandi
494 432 570 450 eundem
587 432 691 450 thczaurum
711 433 785 450 ecclesie
801 433 880 455 predicte

117 460 228 481 inveniendo,
240 460 310 478 salubre
318 460 369 477 nobis
377 460 411 477 luit
419 460 478 477 visum
490 461 508 477 et
519 460 566 481 vtile,
578 461 599 477 ut
607 459 678 482 aliquod
690 460 761 477 titulare
772 460 880 478 beneficium

117 488 135 505 in
147 487 210 505 eadem
228 487 303 504 ecclesie
320 486 342 504 de
359 491 405 504 nouo
422 491 481 504 creare
495 486 605 507 deberemus,
624 486 646 504 de
658 491 692 508 quo
704 486 757 504 alicui
768 487 806 504 viro
817 487 880 505 idoneo

117 514 255 537 prouideremus,
268 514 297 536 qui
309 513 411 531 huiusmodi
423 513 527 531 thezaururn
539 513 572 531 sub
584 513 664 531 custodia
676 518 709 531 sua
721 515 788 531 teneret
799 514 817 531 et
828 514 880 532 habe-

117 542 149 558 ret.
172 541 244 563 Propter
264 540 311 563 quod
333 540 366 558 sub
385 540 512 558 ratihabicionc
531 540 658 558 venerabilium
680 540 755 558 fratrum
774 542 880 562 nostrorum,

117 568 229 585 dominorum
246 567 328 585 videlicet
347 567 420 590 capituli
439 567 548 585 Gneznensis
567 568 586 585 in
605 567 666 585 eadem
686 567 761 585 ecclesia
781 568 880 585 custodiam

117 595 207 613 titularem
219 594 241 612 de
253 599 298 612 nouo
311 595 410 612 creauimus
426 599 447 612 ac
461 594 577 611 fundenimus
592 595 610 611 et
623 595 683 612 tenore
695 595 807 617 presencium
818 594 880 612 funda-

118 627 163 642 mus,
176 621 197 639 de
209 626 244 644 qua
256 621 327 643 quidem
339 621 419 639 custodia
430 621 528 639 honorabili
538 622 575 638 viro
583 621 680 638 Venoeslno
692 621 802 644 prouidimus
814 622 880 644 ipsum-

117 654 152 671 que
170 649 283 666 instituentes
305 648 327 666 de
345 648 412 666 eadem.
435 648 468 665 Pro
487 648 537 665 cuius
559 647 630 670 quidem
650 648 730 665 custodie
749 649 880 666 smtentacione

117 675 165 693 idem
177 675 259 693 dominus
270 675 379 692 Venceslaus
397 676 432 692 tres
444 680 485 692 cum
502 674 576 692 dimidie
593 679 662 692 marcas
680 674 702 692 de
718 675 755 692 suis
767 675 850 693 censibus
862 677 880 693 et

117 702 215 720 redditibus
234 702 354 725 approprisuit
374 702 464 724 perpetuis
482 701 591 724 temporibus
610 703 628 719 et
643 702 771 724 incorporauit;
788 707 820 720 nos
838 707 880 720 vero

118 729 214 747 maldrntns
226 729 244 746 in
256 729 298 746 villa
311 729 419 750 Radrzino')
435 733 496 746 mense
508 730 567 746 nostre
579 733 620 746 cum
631 729 680 746 omni
691 729 729 746 iure
741 729 880 751 appropi-iamne,

118 756 238 778 adiungimus,
257 756 368 773 annectimus
386 755 432 773 dicte
450 755 529 773 custodie
546 757 565 773 et
581 756 714 778 incorporamus
731 760 763 778 per
783 756 880 777 custodem,

118 783 165 805 quod
184 782 232 800 idem
251 782 333 800 dominus
351 783 459 800 Venoeslaus
478 783 538 800 custos
555 782 589 800 sub
606 782 709 800 obediencia
728 782 795 800 dommi
812 782 880 804 decani,

117 810 203 832 quamdiu
215 810 253 832 ipse
264 809 347 827 dominus
359 809 437 827 decanus
445 810 482 831 agit
492 810 511 827 in
520 809 608 830 humaniS,
621 809 673 827 debet
684 814 729 830 esse,
741 814 762 827 ac
774 809 796 827 de
808 810 880 827 oonsilio

117 837 174 860 ipsius
186 836 258 854 easdem
275 841 303 854 res
321 838 339 854 et
356 836 459 854 thezaurum
475 836 574 859 predictum
593 836 660 854 tenebit
676 837 693 854 et
707 836 792 857 seruabm
809 836 880 854 domiuo

117 868 159 881 vero
177 863 243 881 deceno
260 863 282 881 de
298 863 332 881 hac
348 863 388 881 luce
405 864 497 885 migrante,
515 863 562 880 idem
574 863 682 880 Vanceslaus
697 864 757 881 custos
768 863 818 881 iuxta
829 863 879 881 indu-

118 891 181 908 striam
192 895 203 908 e
215 890 252 908 Deo
263 890 297 908 sibi
309 890 374 911 datam,
391 890 458 908 dictum
476 890 579 907 thezaurum
591 895 632 907 cum
647 890 729 907 omnibus
747 890 794 908 dicte
806 890 881 908 ecclesie

118 917 176 938 rebus,
194 917 277 935 videficet
293 917 383 938 calicibus,
405 916 501 937 ornatibus,
518 917 603 939 reliquiis,
624 916 679 938 libris,
701 916 787 939 clenodiis
804 918 822 934 et
840 917 881 940 aliJs

118 944 260 967 quibuscumque
278 944 389 964 vtensilibus,
409 944 550 966 quibuscumque
567 944 668 962 nominibus
686 945 797 965 censeantur,
814 944 882 962 tenebit

118 972 136 989 et
147 971 224 989 fideliter
235 971 318 992 seruabit,
330 972 349 988 et
360 972 412 994 prout
423 971 457 988 sibi
469 971 529 988 vtilius
540 971 633 991 videbitur,
645 970 708 988 eadem
719 976 751 993 pro
760 971 809 988 cultu
821 971 881 989 diuino

119 999 194 1021 exponet
213 999 230 1015 et
247 1003 278 1020 pro
296 998 340 1015 actis
357 997 422 1015 diuinis
439 997 505 1020 officijs
524 998 640 1018 conseruabit,
658 997 761 1020 dictumque
778 998 882 1016 tbezaurum

119 1030 160 1042 cum
172 1025 224 1042 rebus
236 1024 320 1047 predictis
331 1030 367 1042 non
382 1024 466 1042 alienabit
478 1025 500 1042 ab
512 1025 588 1042 ecclesia
602 1024 682 1047 predicta
693 1029 726 1042 nee
738 1025 831 1046 mutuabit,
847 1026 882 1042 nisi

118 1051 140 1069 de
152 1052 213 1069 nostro
225 1057 246 1069 ac
257 1053 357 1069 nostrorum
366 1056 491 1069 successorum
499 1051 583 1069 mandato
595 1052 672 1074 speciali.
696 1051 747 1069 Dicto
756 1056 797 1069 vero
809 1051 883 1069 custode

119 1078 216 1096 Venoeslao
228 1078 250 1096 de
262 1078 321 1096 medio
332 1078 408 1099 sublato,
420 1083 481 1096 omnes
493 1079 512 1096 et
523 1078 589 1100 singuli
600 1078 663 1101 prelati
675 1079 693 1095 et
704 1079 784 1096 canonici
796 1083 817 1096 ac
828 1079 882 1096 ctiam

118 1106 180 1128 vicmj
200 1106 273 1126 tociens,
293 1106 377 1127 quociens
396 1105 462 1123 dictam
481 1105 580 1122 custodiam
599 1110 674 1122 vacuare
697 1106 796 1127 contigerit,
817 1105 883 1127 eligere

119 1132 184 1150 debent
195 1137 251 1150 vnum
267 1132 290 1150 de
307 1133 396 1150 canonicis
414 1137 446 1150 seu
457 1133 530 1154 vicariis
547 1133 565 1149 in
583 1132 680 1153 custodem,
698 1137 751 1154 quem
763 1132 785 1150 ad
797 1132 830 1150 hoc
842 1132 882 1150 offi-

119 1160 167 1177 cium
178 1159 278 1177 invenerint
290 1159 347 1181 magis
359 1160 405 1177 inter
416 1164 436 1176 se
447 1159 536 1180 idoneum,
548 1159 620 1176 fidelem
632 1160 649 1176 et
661 1159 787 1180 sufficientem,
799 1160 830 1182 qui
841 1164 882 1177 con-

119 1187 188 1204 tinuem
199 1186 255 1204 iaciat
266 1187 284 1203 et
295 1186 354 1203 facere
365 1186 418 1204 debet
427 1186 544 1203 residenciam
556 1186 603 1203 circa
615 1186 689 1203 eandem
697 1186 816 1204 Velunensem
828 1186 882 1204 eccle-

119 1213 165 1230 siam
177 1213 297 1235 personaliter,
313 1218 345 1230 nec
362 1213 412 1230 aliter
424 1213 463 1235 quis
476 1212 498 1230 ad
510 1212 585 1230 candem
596 1212 649 1230 debet
660 1213 733 1233 assumi,
750 1213 784 1230 nisi
795 1218 827 1236 per
839 1213 882 1230 elec-

119 1240 188 1257 cionem
201 1240 309 1260 ceuonicam,
321 1240 356 1257 nisi
368 1244 399 1262 per
411 1239 482 1257 eosdem
494 1240 571 1262 prelatos
586 1240 604 1257 et
620 1240 714 1257 canonicos
726 1241 744 1257 et
756 1240 847 1261 viccarios,
863 1241 883 1257 vt

119 1267 227 1289 premissum
238 1267 270 1287 est.
282 1266 388 1287 taciendam,
404 1267 434 1288 qui
446 1271 477 1289 per
488 1271 520 1284 uos
533 1267 564 1284 aut
577 1268 646 1284 nostrus
659 1271 770 1284 successeres
782 1267 882 1284 examinato

119 1293 220 1315 huiusmodj
233 1293 326 1310 eleccionis
338 1293 413 1314 decreto,
432 1293 454 1311 sd
469 1293 535 1311 dictam
547 1293 646 1311 custodiam
665 1293 789 1314 instituendus,
807 1294 881 1316 prestito

119 1321 199 1343 perprius
211 1320 233 1337 de
245 1320 331 1338 fidelitate
342 1321 441 1338 iuramento
452 1320 543 1344 corporali,
562 1320 629 1338 dictum
646 1320 750 1338 thezaurum
769 1325 810 1338 cum
826 1320 880 1338 rebus
