1040 1506
829 84 861 101 221

98 133 150 151 nibus
159 133 235 156 cognitis
244 134 262 151 et
270 133 361 154 discussis,
373 133 409 151 fine
417 133 505 151 amicabili
513 133 613 153 terminare,
625 133 681 150 dictas
689 133 748 155 partes
757 132 779 150 ad
792 132 862 150 audien-

99 160 142 178 dum
149 165 211 178 eorum
218 160 333 181 voluntatem,
345 161 460 181 sentenciam,
471 160 550 181 laudum,
563 160 660 180 arbitrium,
671 160 774 182 preceptum
783 160 800 177 et
808 159 861 177 aliam

98 192 229 210 quamcumque
241 187 357 205 dfflinitiuam
369 188 546 210 pronuncciacionem
562 187 585 205 ad
600 188 657 204 certos
672 187 758 204 terminos
774 192 805 209 pro
817 191 863 209 pena

98 219 178 235 euocare,
190 215 249 235 citare,
265 215 388 232 contumacem
400 215 437 232 tam
448 215 467 232 in
478 219 529 237 pena,
545 219 598 236 quam
613 214 632 231 in
644 214 725 236 expensis
740 214 808 236 punire,
823 213 862 231 loca

99 241 122 259 ad
133 241 276 264 comparendum,
289 241 432 263 cognoscendum
443 242 461 259 et
472 240 635 264 pronuncciandum
647 241 725 258 statuere
737 240 799 258 diebus
811 240 862 258 feria-

99 268 122 285 tis
133 268 162 285 uel
178 273 213 285 non
231 267 305 289 feriatis,
322 267 386 286 stando
403 268 432 285 uel
449 267 532 288 sedendo,
548 268 567 285 in
582 268 652 290 scriptis
664 268 693 285 uel
705 268 743 285 sine
755 267 830 290 scriptis,
843 268 861 284 in

99 294 201 312 huiusmodi
215 295 288 317 negocio
300 294 394 317 procedere
405 295 448 312 iuris
461 295 522 312 ordine
533 295 603 312 seruato
615 294 643 312 uel
652 299 687 312 non
694 295 770 315 seruato,
782 294 862 317 partibus

100 321 212 344 presentibus
223 321 252 339 uel
265 321 373 342 absentibus,
388 327 420 339 seu
431 326 467 339 vna
481 321 554 339 absente
569 323 586 339 et
602 321 636 339 alia
649 322 736 344 presente,
752 322 803 344 prout
819 321 862 344 ipsis

100 348 163 366 melius
174 348 264 366 videbitur
275 348 362 371 expedire,
379 349 396 366 et
408 348 455 371 quod
466 349 536 371 possint
547 348 603 366 semel
614 348 642 365 uel
658 348 724 371 pluries
739 348 768 365 uei
784 348 862 370 quocies<

100 380 176 397 cumque
187 376 267 398 ipsorum
279 375 371 393 arbitrium
383 376 401 393 et
412 376 522 393 sentenciam
534 376 653 398 interpretare,
666 375 760 395 declarare,
775 375 862 397 conigere

100 407 121 420 ac
132 402 151 419 in
162 402 226 420 melius
237 402 339 423 reformare,
354 407 410 425 penas
421 402 487 420 vallare
499 403 516 420 et
529 402 563 420 alia
575 402 635 420 omnia
649 403 667 419 et
678 402 753 424 singula,
770 407 804 424 que
816 402 862 419 eirca

99 429 186 452 premissa
197 430 240 446 sunt
250 429 356 450 necessaria,
371 429 435 450 facere,
452 430 510 447 eciam
521 430 537 447 si
549 429 571 446 de
582 429 670 451 aliquibus
687 429 706 446 in
721 429 798 451 presenti
816 434 862 446 com-

98 456 186 478 promisso
202 460 237 473 non
249 457 297 473 esset
314 456 416 478 cogitatum,
434 457 558 473 renunciantes
574 456 656 473 omnibus
671 457 689 473 et
700 456 775 478 singuiis
787 455 862 478 legibus,

99 482 172 503 iuribus,
189 482 329 505 excepcionibus,
344 483 421 503 statutis,
435 482 597 503 consuetudinibus,
612 482 750 503 defensionibus,
766 482 862 500 contradic-

99 509 184 529 cionibus,
201 509 342 532 protectionibus
359 511 377 527 et
395 509 487 532 quibusuis
503 510 544 532 aliis
562 509 673 530 tuicionibus,
691 514 723 532 per
739 514 773 532 que
789 514 862 532 presens

101 536 193 554 arbitrium
214 541 246 554 seu
265 536 338 554 laudum
354 541 374 554 ac
386 537 521 559 pronuncciacio
540 541 572 554 seu
592 536 678 554 diffinicio
700 541 721 553 ex
740 536 780 559 ipsa
799 536 863 559 poterit

101 564 184 585 restringi
206 568 238 581 seu
261 563 391 586 quomodolibet
410 563 483 581 anulari.
510 563 631 581 Promiserunt
647 563 720 586 insuper
738 563 785 581 dicte
803 564 862 586 partes

101 589 158 611 modo,
173 595 207 612 quo
219 595 278 613 supra,
290 595 352 613 parere
360 591 378 608 et
389 591 407 608 in
417 590 499 608 omnibus
511 590 582 608 obedire
594 590 646 608 dictis
658 590 770 608 dominorum
779 590 863 612 Boguslai

101 617 182 634 canonici
201 618 219 639 et
233 617 331 635 Domkonis
351 617 427 638 arbitrio,
444 617 604 640 pronuncciacioni,
622 617 733 637 diffinicioni,
750 616 808 637 laudo,
825 622 863 639 pre<

99 644 155 666 cepto,
171 643 247 664 arbitrio,
261 643 358 665 sentencie,
373 644 436 666 pennis
448 644 541 662 vallacioni
553 649 585 666 per
599 644 647 666 ipsos
663 643 715 661 iactis
727 644 756 661 vel
771 643 862 664 iaciendis.

100 670 201 688 huiusmodi
219 670 276 691 iactis,
293 671 429 693 pronuncciatis,
447 670 530 688 diffinitis
546 672 564 688 et
575 671 647 693 prolatis
659 672 706 688 stare
718 672 735 688 et
747 676 768 688 ea
779 671 862 693 recipere,

100 702 120 715 ac
131 697 150 715 in
162 697 245 715 omnibus
256 698 327 720 punctis
343 699 361 715 et
377 697 461 715 clausulis
473 697 515 715 dicti
532 698 654 720 compromissi
670 699 687 715 et
699 697 789 715 sentencie
803 697 862 715 liende

100 724 184 747 aprobare
196 725 214 742 et
225 725 244 742 in
255 724 303 742 nullo
320 729 352 747 per
368 729 388 742 se
404 724 432 742 uel
452 724 512 745 alium,
528 724 593 742 directe
610 725 638 742 uel
656 724 746 745 indirecte,
765 724 822 742 oculte
833 724 862 742 uel

100 751 194 769 manifeste
209 756 307 774 repugnare
323 751 353 769 uel
368 751 488 769 contradicere
504 756 616 774 quacumque
632 752 702 769 racione
719 751 748 769 uel
766 756 820 769 causa
832 752 863 769 aut

99 777 156 799 modo,
168 778 207 796 iure
218 778 247 796 uei
259 778 312 799 iacto,
328 779 381 796 tacite
393 780 424 796 aut
435 783 518 801 expresse
535 778 570 801 hijs
587 778 674 799 omnibus,
693 783 727 800 que
743 778 789 796 inter
806 778 862 795 dictas

99 806 157 827 partes
170 805 213 822 dicti
225 805 292 823 domini
304 805 365 823 arbitri
377 805 456 826 iecerint,
474 806 589 828 preceperint,
607 805 778 828 pronuncciauerint,
794 806 863 823 sentcn-

99 832 186 849 ciauerlnt
207 837 239 849 seu
258 832 325 849 fixerint
344 832 428 849 arbitrati.
457 832 490 854 Qui
507 832 590 850 dominus
609 832 710 854 Boffislaus
731 832 826 849 canonicus
846 833 864 849 et

99 858 168 876 Domko
181 858 242 876 arbitri
253 858 327 881 predicti
344 864 384 876 mox
396 861 466 881 recepto
478 859 579 876 huiusmodi
596 860 659 881 sponte
671 859 803 881 compromisso,
819 859 863 876 visis

100 887 117 903 et
128 885 223 907 diligenter
239 886 323 908 inspectis
341 886 414 906 iuribus,
433 886 570 908 allegacionibus
588 887 606 903 et
623 885 780 908 disputacionibus,
798 885 863 907 qulbus

100 912 145 929 dicte
157 913 217 935 partes
228 913 271 930 tunc
286 913 332 930 inter
343 917 363 930 sc
375 913 400 930 uti
412 912 495 930 volebant
512 914 530 930 et
547 913 641 930 voluerunt
652 914 670 930 et
681 912 725 935 ipsis
741 912 763 929 de
775 913 863 935 iurisperi-

99 940 157 957 torum
169 939 242 957 consilio
254 940 324 957 matura
339 939 467 957 deliberacione
478 939 569 960 discussis,
585 939 653 957 eisdem
667 939 747 962 partibus
761 939 862 962 petentibus

99 967 116 983 et
132 966 291 987 consencientibus,
309 967 355 984 inter
366 966 438 984 easdem
454 967 514 989 partes
526 971 557 989 per
571 966 643 984 modum
660 966 793 989 infrascriptum
809 966 862 984 uerbo

99 993 276 1015 pronunceiauerunt,
297 993 437 1014 declarauerunt,
459 993 588 1014 diffiniuerunt,
610 994 765 1011 sentenciauemnt
782 994 800 1010 et
821 994 863 1010 sunt

100 1020 183 1037 arbdtrati⁴
207 1020 265 1037 Primo
278 1020 366 1041 videficet,
383 1020 430 1042 quod
445 1020 488 1037 dicti
504 1020 594 1037 vlodan'us
610 1021 628 1037 et
644 1020 749 1037 kmethoues
766 1020 784 1037 in
803 1020 863 1037 Gomo-

98 1047 161 1068 rmoo¹)
173 1046 238 1064 debent
250 1048 268 1064 et
279 1052 300 1064 ex
311 1047 389 1070 presenti
401 1047 492 1064 sentencia
500 1047 578 1064 arbitrali
590 1048 632 1064 sunt
640 1047 707 1064 astricti
715 1046 783 1069 prefato
792 1046 862 1064 domino

99 1073 170 1091 Nicolao
182 1073 257 1096 plebano
273 1074 291 1091 et
308 1074 382 1091 ecclesie
399 1079 430 1091 sue
445 1074 464 1091 in
481 1074 587 1095 Vaiiszmvoff)
603 1074 686 1091 iamdicte
703 1074 771 1091 soluere
786 1074 804 1091 et
815 1073 862 1094 dare,

98 1101 146 1118 omni
164 1100 305 1118 contradiccione
322 1101 437 1123 proculmota,
455 1100 477 1118 de
494 1101 572 1123 quolibet
589 1106 651 1118 manso
667 1106 699 1123 per
713 1100 758 1118 duas
770 1105 862 1118 mensuras

99 1128 137 1150 puri
155 1127 216 1150 biadij,
233 1127 316 1145 videlicet
332 1133 387 1145 vuam
405 1128 481 1150 siliginis
497 1129 515 1145 et
532 1128 585 1145 aliam
604 1133 664 1148 auene,
680 1127 799 1145 mensurando
814 1128 863 1145 iuxta

98 1154 245 1172 consuetudinem
256 1155 306 1176 regni
319 1155 336 1172 et
348 1155 422 1172 ecclesie
438 1154 546 1172 Gneznensis
561 1154 636 1177 singulis
651 1156 669 1172 et
680 1155 769 1177 perpetuis
781 1155 863 1178 tempori-

99 1181 131 1199 bus
144 1182 162 1199 et
174 1181 218 1199 alias
230 1182 279 1199 iuxta
290 1181 367 1199 tonnam
379 1183 396 1199 et
408 1183 487 1199 tenorem
503 1182 634 1199 sentencia-um
646 1181 783 1199 diffinitiuamm
795 1181 862 1204 sepefa-

99 1209 157 1225 torum
169 1207 281 1225 dominorum
293 1208 373 1225 iudicum
384 1208 508 1231 predictorum,
520 1213 552 1231 pro
560 1208 607 1226 dicto
616 1208 686 1226 domino
696 1208 768 1226 Nicolao
780 1209 797 1226 et
809 1208 863 1226 eccle-

98 1235 125 1252 sia
136 1240 171 1252 sua
182 1234 262 1257 predicta
273 1236 291 1252 et
302 1236 363 1252 contra
376 1235 454 1258 prefatos
466 1235 570 1253 wlodarium
582 1236 600 1253 et
611 1235 716 1253 kmethones
728 1235 797 1253 racione
809 1235 863 1253 dicto-

98 1266 137 1279 rum
149 1261 249 1279 missalium
262 1262 305 1279 alias
317 1262 398 1283 latarum,
411 1267 455 1284 quas
469 1262 576 1280 diffinitiuus
584 1262 684 1279 sentencias
696 1262 714 1279 in
722 1262 804 1280 omnibus
816 1262 863 1280 clau-

99 1288 143 1306 sulis
154 1289 193 1306 suis
205 1289 223 1305 et
234 1289 305 1311 punctis
317 1288 365 1306 idem
382 1288 448 1311 domini
462 1289 523 1306 arbitri
534 1289 635 1311 Boguslaus
647 1290 664 1306 et
675 1288 745 1306 Domko
757 1290 827 1311 quas(s)
840 1289 862 1306 ad

99 1315 134 1333 huc
145 1316 164 1333 in
176 1320 209 1333 suo
222 1315 284 1333 robore
296 1316 386 1339 perpetuis
404 1315 513 1339 temporibus
531 1315 625 1334 duraturas
640 1316 796 1334 conserususrunt.
819 1316 863 1333 Item
