1040 1506
810 95 842 112 isi

82 141 117 159 sub
136 146 182 165 pena
197 142 278 160 carencie
295 142 442 160 distrihueionum
461 141 496 160 diei
514 142 567 160 iliius.
591 142 673 160 Ceterum
692 147 733 161 oum
749 143 812 166 prelati
826 144 844 161 et

82 169 163 186 canonici
179 168 253 187 ecclesie
270 169 329 187 nostre
342 168 455 190 Gneznensis,
472 169 537 187 fratres
554 169 615 190 nostri,
631 169 668 187 sint
684 169 776 188 nobiscum
787 175 843 188 vnum

82 200 146 218 corpus
166 196 184 213 et
200 195 285 214 indecem
302 196 371 217 existat,
390 195 437 218 quod
448 196 501 213 vuius
521 196 598 219 corporis
616 197 634 214 et
645 196 713 219 collegij
733 197 813 215 membra
823 197 843 215 in

82 221 192 240 decimarum
203 223 317 245 percepeione
329 222 399 240 diuerso
411 223 449 240 iure
460 223 571 244 censeantur,
586 223 641 245 igitur
651 228 684 240 nos
695 223 774 241 volentes
785 223 842 246 prefer

82 249 110 267 tos
122 249 186 266 iratres
197 250 272 270 nostros,
290 249 366 272 prelatos
384 250 402 267 et
419 250 512 267 canonicos
529 250 576 267 eirca
588 249 734 267 consuetudinem
745 250 842 272 antiquitus

82 280 114 298 per
125 276 169 298 [nos]
182 276 249 294 illibate
260 277 334 297 tentam,
353 277 371 294 in
388 276 503 299 percepcione
521 276 630 294 deeimarum
642 277 732 294 uenalium
744 276 843 299 benigniter

82 307 188 320 conseruare
199 303 218 320 et
229 303 277 325 ipses
295 303 318 320 ed
334 303 426 320 caritatem
443 303 529 320 maiorem
541 308 584 325 eiga
600 304 680 321 nostram
691 308 785 326 personam
796 304 844 321 circa

81 329 237 352 recuperationem
248 330 374 352 occupatarum
386 329 496 347 decimarum
507 330 526 347 et
537 330 612 347 aliorum
621 330 687 348 iurium
698 331 757 348 nostre
769 330 843 347 ecclesie

82 355 152 373 allicere
164 356 182 374 et
193 356 276 378 obligare,
292 361 361 374 necnon
376 356 395 373 in
412 357 518 374 execucione
534 357 591 374 nostri
607 357 709 374 testamenti
720 361 742 374 ae
753 356 843 380 sepulture

81 383 147 404 nostre,
158 383 177 401 in
188 383 253 405 quibus
265 388 295 401 eos
307 384 409 401 executores
417 383 549 406 deputauimus,
560 383 620 401 tacere
631 384 755 406 prompcioree,
766 383 843 401 declare-

82 414 123 427 mus
135 410 153 427 et
164 409 282 431 decernimus,
294 410 341 432 quod
352 409 421 427 decime
432 409 534 433 huiusmodj
547 410 638 428 noualium
650 412 687 428 tam
694 411 713 428 in
720 411 843 433 progressione

82 436 165 457 limitum,
177 436 297 459 grnniciamm
309 437 327 454 et
338 437 427 454 metarum
434 437 548 459 antiquarum
555 437 643 458 villarum,
655 442 709 459 quam
721 438 778 455 eciam
789 441 842 455 noua-

81 467 128 484 rum.
139 468 174 485 que
186 463 233 481 inira
244 464 335 484 terminos,
351 463 422 484 limites.
441 464 530 485 granicies
542 464 560 481 et
571 465 628 481 metas
640 464 722 486 antiquas
733 464 814 482 locantur
825 464 843 481 et

80 489 177 512 insurgunt
188 495 210 508 ac
220 490 326 508 locabuntur
338 491 356 508 et
366 490 460 512 insurgent
471 490 490 508 in
501 490 587 511 futurum,
600 490 623 508 ad
634 491 674 509 illos
681 491 758 513 prelatos
765 491 784 508 et
792 495 843 508 cano-

81 517 131 534 nicos
143 516 190 535 dicte
201 518 261 534 nostre
272 517 346 534 ecclesie
357 517 462 540 pertineant,
474 517 497 534 ad
508 522 552 539 quos
565 517 633 535 decime
644 517 666 535 de
678 518 755 540 antiquis
766 517 813 535 villis
825 518 843 535 et

81 543 162 566 ipsarum
176 543 268 565 limitibus,
286 544 371 566 granicijs
383 544 401 561 et
417 544 470 561 metis
486 544 576 567 pertith
593 545 646 567 atque
662 545 748 567 spectant.
771 544 790 562 Si
801 548 843 561 vero

81 570 141 592 alique
152 570 194 588 ville
206 575 256 588 nowe
267 572 317 588 extra
328 570 385 588 dictos
397 571 479 593 antiquos
490 571 581 592 terminos,
593 571 658 589 limites
670 572 688 589 et
699 572 787 594 granicias
794 571 843 589 villa-

81 602 122 615 rum
134 597 247 619 antiquarum
258 597 367 618 locabuntur,
386 597 454 615 decime
465 598 545 620 ipsarum
556 598 639 616 villarum
650 603 746 619 nowarum,
763 598 810 616 sieut
820 597 843 615 de

81 624 145 641 ceteris
161 623 260 645 noualibus,
280 624 302 641 de
320 625 358 642 tota
374 624 441 642 diocesi
461 624 560 642 Gneznensi
578 624 677 643 secundum
697 624 842 643 consuetudinem

81 651 224 673 antiquissimam
236 651 308 672 illibate,
319 651 425 669 inconcusse
436 652 454 668 et
465 651 590 669 inuiolabiliter
597 651 710 669 obseruatum
720 657 741 669 ac
751 656 784 674 per
791 652 841 669 netu·

81 678 111 695 sta
122 678 190 695 statute
206 678 323 700 prouincia-lie
333 678 424 700 prouincie
436 678 545 696 Gneznensis
561 678 682 701 approbatam,
699 679 780 701 spectent
790 679 843 701 prout

82 705 100 722 et
111 705 193 727 spectant
205 704 228 722 ad
239 704 305 722 dictam
318 704 485 727 archiepiscopalem
493 709 579 726 mensam,
591 710 648 727 neque
659 705 729 723 hocius
741 706 843 728 competens

82 731 159 753 capitulo
170 732 230 748 nostro
241 731 351 754 percipiendi
368 731 447 749 decimas
464 732 564 753 nowaiium,
581 732 651 750 extendi
666 732 730 750 debeat
741 732 764 750 ad
775 733 843 750 ceteros

81 757 203 779 beneficiatos,
216 758 273 775 eciam
285 758 374 779 abbacias,
385 759 511 781 preposituras,
527 759 631 781 prelaturas,
648 759 749 781 dignitates,
761 764 843 782 persone

81 785 111 802 tus
122 784 152 802 uel
163 784 229 806 officia,
242 785 357 802 canonicatus
369 786 387 802 et
398 785 502 807 prebendas,
516 785 614 808 parochias,
629 786 692 804 altaria
703 787 721 804 et
732 790 843 808 quecumque

82 811 117 829 alia
127 811 216 829 beneficia
227 812 288 829 curata
300 813 318 829 et
329 816 364 829 non
372 812 438 832 curata,
450 812 588 834 collegiata-rum,
601 813 745 830 conuentualium
756 814 774 830 et
785 817 843 835 parro-

82 837 173 858 chialium,
192 838 299 856 secularium
311 839 329 856 et
340 838 448 860 regularium
465 839 581 857 ecelesiarum
593 840 670 857 ciuitatis
682 841 701 857 et
712 839 787 857 diocesis
798 839 843 857 Gne-

82 865 158 885 znensis,
176 870 251 887 quorum
268 865 355 883 beneficia
374 866 471 888 prescripta
489 865 511 883 de
530 871 592 883 mensa
604 866 748 889 archiepiscopali
764 866 843 889 predicta

81 891 143 909 dotata
154 891 228 909 decimis
240 893 258 910 et
269 892 425 914 eorumssrructibus
437 892 556 910 dinoscuntur.
580 893 656 910 Demum
666 894 708 915 quia
719 894 842 916 comperimus,

82 918 138 936 altare
148 923 204 941 penes
215 918 297 936 tumbam
313 919 371 936 sancti
382 918 474 936 Adalberti
491 920 560 942 patroni
577 919 651 937 ecclesie
668 921 686 937 et
697 920 787 943 prouincie
799 920 843 938 Gne-

82 946 153 963 znensis
166 945 245 968 apostoli,
260 946 280 963 in
291 945 349 963 medio
361 950 433 968 corpore
444 946 500 969 ipsius
512 946 586 964 ecclesie
598 947 644 964 inter
655 952 717 964 cruces
728 947 788 968 situm,
805 947 843 964 nul-

81 971 104 989 lis
122 972 210 990 fructibus
227 977 259 995 pro
276 973 408 990 sustentacione
427 973 504 990 ministri
522 974 549 991 est
565 973 651 994 dotatum,
670 978 703 991 nos
721 974 806 995 volentes,
822 974 843 991 ut

81 999 155 1021 patrono
167 1000 226 1016 nostre
238 999 312 1017 ecclesie
324 999 379 1017 honor
390 999 461 1017 debitus
472 999 590 1022 impendatur,
603 1000 625 1018 de
636 1000 763 1018 ratihabicinne
774 1001 792 1018 et
804 1005 843 1018 con-

81 1030 137 1043 sensu
152 1025 195 1043 dicti
211 1026 267 1043 nostri
283 1026 356 1048 capituli
375 1026 453 1044 decimas
472 1031 533 1044 mense
548 1028 608 1044 nostre
625 1027 644 1045 in
660 1027 708 1045 villis
725 1028 811 1045 Wienewa
825 1028 843 1045 et

81 1052 165 1074 Lawku⁴J
182 1057 213 1075 pro
228 1052 275 1070 dicto
287 1052 338 1070 altari
356 1053 374 1070 et
386 1054 521 1071 sustentacIone
536 1054 656 1072 ministrorum
674 1054 697 1072 ad
712 1054 771 1077 ipsum
789 1054 844 1072 altare

82 1078 228 1100 desemiencium,
245 1079 337 1100 donamus,
355 1079 421 1102 adiung
429 1085 469 1097 mus
486 1081 504 1097 et
521 1080 659 1103 incorporamus,
678 1081 773 1104 ipsumque
788 1080 844 1099 altare

82 1110 124 1123 cum
135 1105 222 1123 fructibus
234 1106 291 1128 ipsius
302 1106 414 1124 vniuersitati
425 1107 531 1124 vicariorum
548 1108 677 1125 canonicalium
695 1108 768 1125 ecclesie
784 1109 844 1125 nostre

81 1133 154 1150 vnimus
165 1133 183 1150 et
194 1133 331 1155 incorporamus.
355 1133 465 1155 Quiquidem
473 1138 529 1151 vnum
540 1139 572 1157 per
579 1134 657 1157 ipsorum
666 1134 763 1152 confratres
775 1136 793 1152 et
804 1139 843 1153 eon-

82 1160 157 1177 vicarios
169 1160 205 1177 tres
217 1160 282 1177 missas
294 1160 369 1182 singulis
381 1160 492 1178 ebdomadis:
504 1166 559 1178 vnam
571 1160 593 1178 de
600 1162 661 1179 sancto
669 1161 770 1183 Adaiberto,
782 1166 843 1179 secun-

82 1185 125 1203 dam
136 1191 167 1209 pro
180 1186 273 1204 animabus
285 1187 303 1204 et
315 1187 388 1204 terciam
405 1187 427 1204 de
441 1188 504 1205 sancta
522 1187 613 1209 'Px-instate,
631 1193 700 1206 necnon
712 1188 787 1211 singulIs
799 1188 844 1210 Qua-

82 1213 232 1235 tuortemporibus
244 1214 386 1231 anniuersarium
403 1218 443 1231 eum
455 1214 528 1236 speciali
545 1214 618 1232 collecta
629 1219 660 1237 pro
672 1216 733 1233 nostra
744 1216 762 1233 et
772 1220 844 1237 genera-

82 1239 123 1257 liter
133 1244 165 1262 pro
177 1239 322 1262 predecessorum
334 1245 355 1258 ac
366 1245 490 1258 successorum
498 1242 603 1262 nostrorum,
616 1241 788 1264 archiepiscoporum
799 1242 844 1260 Gne-

82 1266 180 1287 mensium.
197 1266 304 1289 prelatorum
322 1268 339 1284 et
351 1268 475 1285 canonicorum
487 1272 508 1285 ac
520 1268 641 1285 ministrorum
658 1268 705 1286 dicte
722 1268 796 1286 ecclesie
808 1269 844 1286 eni-

82 1292 147 1311 mabus
164 1293 257 1316 complere,
273 1293 379 1316 vigiliasque
396 1293 465 1312 Nouem
481 1294 578 1312 leccionum
597 1296 615 1312 et
626 1295 701 1313 missam
711 1300 743 1318 pro
755 1295 844 1313 defunctis

82 1324 127 1338 voce
138 1325 202 1338 sonore
213 1325 254 1338 cum
270 1320 366 1339 deuocione
383 1321 478 1339 decantare
495 1322 596 1343 teneantur,
613 1322 678 1345 quibus
689 1323 769 1345 exequiis
779 1322 843 1346 prelati
