1040 1506
179 89 212 110 224

178 140 272 163 pastoralis
284 140 339 163 offici]
353 145 413 158 eorum
425 145 539 158 occurramus
552 140 650 164 dispendijs
662 142 680 159 et
691 141 799 164 profectibus
811 139 872 159 diuina
880 144 940 164 coope-

177 169 228 185 rante
239 167 333 185 elementia
344 167 438 185 salubriter
449 167 567 185 intendamus.
591 168 637 186 Sane
652 167 757 186 dilectorum
772 168 850 186 filiorum
866 182 870 185 .
883 182 886 185 .
902 173 940 191 pre-

177 195 231 217 positi
250 195 268 212 et
287 192 359 217 capituli
377 194 451 212 ecclesie
467 194 592 213 Poznaniensis
612 195 737 217 conquestione
755 196 871 218 percepimus,
893 195 940 217 quod

178 221 251 239 nonnuli
267 221 400 244 archiepiscopi,
418 222 496 244 episcopi
513 222 579 244 aiijque
598 222 713 240 ecclesiarum
732 222 796 245 prelati
812 223 830 240 et
846 222 905 239 clerici
919 227 940 239 ac

178 248 298 266 ecclesiastice
309 253 388 271 persone,
403 249 440 265 tam
451 248 538 270 religiose,
554 253 607 271 quani
619 249 676 266 eciem
691 249 784 270 seculares,
800 254 868 267 necnon
880 248 940 269 duces,

178 275 294 295 marchiones,
306 275 385 295 comites,
397 275 477 296 barones,
489 275 561 296 nobiles,
574 276 639 293 milites
649 276 720 297 etluici,
732 276 833 293 communia
841 276 939 296 ciuitatum,

177 302 302 319 vniuersitates
320 301 417 324 opidorum,
435 303 539 323 castrorum,
554 302 636 320 villarum
653 303 671 320 et
687 302 761 320 aliorum
777 302 855 320 locorum
873 303 891 320 et
906 302 940 320 elie

177 328 277 350 singulares
288 333 363 351 persone
378 329 471 346 ciuitatum
483 330 501 346 et
512 328 609 347 diocesimn
621 330 639 346 et
651 329 725 347 aliarum
739 329 816 352 partium
828 329 939 347 diuersarum

177 356 287 378 occuparunt
298 356 316 373 et
327 356 410 378 occupari
425 355 506 373 iecerunt
518 356 581 377 castra,
597 356 648 373 villas
660 357 678 374 et
690 356 724 373 alia
735 356 779 377 loca,
794 357 856 377 terras,
872 355 939 377 domos,

177 383 303 405 possessiones,
319 382 358 400 iura
372 384 390 400 et
401 382 485 400 nonnulla
496 383 532 400 alia
542 382 589 400 bona
600 383 672 400 mobilia
688 384 706 400 et
720 383 822 404 immobilia,
840 383 939 406 spiritualia

177 410 195 426 et
206 409 315 432 temporalis,
329 409 352 427 ad
363 410 472 432 prepositum
484 410 502 427 et
514 409 611 432 capitulum
626 409 715 432 predictos
730 410 848 428 communiter
859 410 939 432 spectan-

177 436 205 453 cia
217 437 235 453 et
246 441 267 454 ea
278 436 358 453 detinent
368 436 445 453 indebite
455 437 545 459 occupate,
557 441 590 454 seu
599 441 620 454 ea
630 436 749 454 detinentibus
757 437 837 459 prestant
849 437 938 457 auxilium,

177 463 271 480 consilium
282 463 311 480 uel
323 462 408 480 iauoremr
431 462 515 480 Nonnulli
530 463 586 481 eciam
601 464 700 484 ciuitatum,
714 463 811 481 diocesium
826 464 845 481 et
858 464 939 486 parcium

176 489 302 512 predictarum,
314 490 345 512 qui
356 494 421 507 nomen
432 489 504 507 Domini
515 490 534 507 in
541 495 618 508 vacuum
630 490 708 513 recipere
716 495 751 508 uon
757 490 859 511 fonnidant,
872 490 939 508 eisdem

176 517 265 539 preposito
277 517 296 534 et
307 516 384 539 capitulo
396 521 449 539 super
460 516 512 534 dictis
527 517 595 538 castris,
611 517 658 534 villis
670 518 687 535 et
698 517 742 535 locis
754 517 800 540 alijs,
812 517 868 538 terris,
884 516 939 535 ‹lomi-

176 543 215 565 bus,
227 543 374 566 possessionibus,
387 543 455 561 iuribus
467 544 485 561 et
495 543 654 565 iurisdiccionibus,
671 543 763 565 fructibus,
779 544 867 565 censibus,
882 543 939 561 reddi-

176 570 230 592 tibus,
245 571 263 588 et
274 571 418 593 prouentuum(s)
433 570 529 588 eorundem
541 571 559 588 et
570 570 711 593 quibuscumque
723 571 763 593 aliis
778 571 829 589 bonis
844 570 938 588 mobilibus

177 599 195 615 et
205 597 331 618 immobilibus,
346 598 365 615 et
379 597 501 620 spiritualibus
516 598 534 615 et
548 598 674 620 temporalibus
686 599 704 615 et
716 598 756 620 alijs
767 597 820 615 rebus
833 597 855 615 ad
867 597 938 615 eosdem

176 625 285 647 prepositum
303 625 321 641 et
338 624 436 647 capitulum
453 624 579 647 spectantibus,
599 624 706 647 multiplices
722 625 812 642 molestias
830 625 848 642 et
864 625 938 642 iniurias

176 651 255 669 inierunt
266 652 284 668 et
295 651 378 669 iacturas.
402 651 459 672 Quare
474 651 517 669 dicti
531 652 631 674 prepositus
646 652 665 669 et
676 651 773 674 capitulum
785 651 836 669 nobis
848 651 939 669 humiliter

176 678 303 701 supplicarunt,
315 678 335 695 ut
347 683 387 695 cum
400 677 467 695 eisdem
482 678 534 696 ualde
547 678 631 696 reddatur
642 678 717 696 difficile
731 683 762 701 pro
774 678 850 700 singulis
862 678 938 700 querelis

177 705 199 722 ad
211 705 326 728 apostolicam
338 704 398 722 sedern
410 704 475 722 habere
486 710 584 726 recursum,
596 705 688 728 prouidere
699 705 743 728 ipsis
755 710 809 728 super
820 705 853 723 hoc
864 706 938 727 patema

176 731 270 754 diligencia
286 736 393 749 curaremus.
417 731 453 749 Nos
467 732 522 754 igitur
538 731 623 749 aduersus
641 733 761 755 occupatores,
777 732 882 753 detentores,
900 736 938 755 pre-

175 759 281 781 sumptores,
302 758 424 776 molestatores
443 760 461 776 et
479 759 591 776 inim-latores
610 758 712 776 huiusmodi
730 759 759 776 illo
775 759 855 776 uolentes
871 758 938 776 eisdem

175 786 264 808 preposito
276 786 294 803 et
305 785 382 808 capitulo
398 785 476 803 remedio
491 785 591 806 subuenire,
608 791 639 808 per
656 785 703 808 quod
719 786 798 808 ipsorum
816 787 938 809 compescatur

175 813 265 830 temeritas
277 813 295 830 et
307 812 347 834 alijs
359 812 418 830 aditus
434 812 537 830 comittendi
553 812 618 830 similia
632 812 750 835 precludatur,
766 812 867 830 discretioni
879 813 938 830 uestre

174 844 206 862 per
218 839 314 862 apostolica
325 840 392 862 scripta
404 839 514 860 mandamus,
527 840 610 861 quatinus
622 844 654 857 uos
666 839 695 857 uel
707 839 742 857 duo
754 840 785 857 aut
794 844 841 857 vnus
852 840 937 860 uestrum,

175 871 207 889 per
218 871 250 883 uos
265 866 294 883 uel
309 866 364 883 alium
380 871 412 883 seu
424 866 472 887 alios,
488 867 542 883 etiam
558 866 573 883 si
585 866 621 884 sint
632 867 682 884 extra
692 866 736 887 locs,
751 867 770 884 in
782 866 846 888 quibus
858 866 938 889 deputati

175 893 218 910 estis
230 894 363 910 conseruatores
375 894 393 910 et
404 892 477 914 iudices,
489 892 563 915 prefatis
574 893 663 916 preposito
675 894 693 910 et
702 893 779 916 capitulo
787 893 866 911 efficacis
878 892 937 910 defen-

174 920 229 937 sionis
240 919 318 943 presldio
330 920 439 940 assistentes,
451 924 487 937 non
498 920 605 942 permittatis
618 919 689 938 eosdem
703 925 757 943 super
767 920 859 943 premissis
871 921 889 938 et
900 920 937 942 qui-

174 947 251 964 buslibet
263 947 303 969 alijs
314 946 366 964 bonis
378 947 396 964 et
406 946 479 967 iuribus,
492 946 515 964 ad
526 947 635 970 prepositum
647 948 666 964 et
677 947 775 970 capitulum
789 947 877 970 predictos
888 952 937 970 spec·

173 974 258 994 tentibus,
276 974 298 991 ab
314 973 381 991 eisdem
395 973 424 991 uel
435 973 528 996 quibusuis
546 974 586 996 alijs
601 973 679 991 indebite
690 974 780 991 molestari
792 974 820 991 uel
838 974 863 991 eis
875 978 937 996 graua-

174 1000 267 1023 minaZseu
278 1000 344 1018 damna
358 1000 388 1018 uel
399 1000 473 1018 iniurias
488 1001 569 1022 irrogem
584 1000 649 1018 facturi
661 1000 713 1018 dictis
724 1001 813 1023 preposito
825 1001 843 1018 et
855 1000 936 1023 capitulo,

174 1027 287 1050 cumtabjeis
299 1027 328 1045 uel
339 1027 482 1050 procuratoribus
494 1027 532 1044 suis
544 1028 575 1044 aut
586 1032 647 1045 eorum
659 1027 717 1050 aliquo
732 1027 802 1045 fueritis
814 1028 899 1049 requisiti,
915 1027 937 1045 de

174 1054 258 1077 predictis
270 1055 288 1072 et
300 1054 340 1076 alijs
353 1054 434 1077 personis
450 1053 558 1076 quibuslibet
572 1059 625 1077 super
637 1055 748 1072 restitutione
759 1054 861 1072 huiusmodi
872 1055 937 1072 castro·

174 1086 219 1102 rum,
242 1081 330 1101 villarum,
353 1082 439 1098 terrarum
459 1081 477 1098 et
496 1081 570 1098 aliorum
593 1081 677 1102 locorum,
702 1081 849 1102 iurisdictionum,
871 1081 936 1098 iurium

174 1109 192 1126 et
203 1107 289 1126 bonorum
307 1107 398 1125 mobilium
415 1108 433 1125 et
444 1107 567 1129 immobilium,
583 1107 684 1125 reddituum
701 1113 770 1130 quoque
786 1109 804 1125 et
818 1109 936 1131 prouentuum

174 1136 192 1153 et
206 1135 280 1153 aliorum
295 1139 447 1157 quorumcumque
462 1134 553 1156 bonorum,
569 1140 638 1152 necnon
652 1134 674 1152 de
689 1135 830 1157 quibuscumque
844 1134 936 1157 molestiis,

173 1162 243 1184 iniurijs
255 1163 308 1184 atque
320 1161 395 1182 damnis,
409 1161 520 1184 presentibus
532 1163 550 1179 et
561 1161 631 1182 futuris,
643 1162 661 1179 in
673 1162 708 1179 illis
719 1161 807 1183 uidelicet,
819 1166 853 1184 que
864 1161 936 1179 iudicia-

172 1189 208 1206 lem
219 1189 312 1211 requirunt
326 1188 434 1210 indaginem,
452 1189 548 1206 summarie
564 1190 582 1206 et
599 1188 621 1206 de
635 1189 693 1211 plano,
711 1189 749 1206 sine
761 1189 836 1211 strepitu
848 1189 866 1206 et
877 1188 937 1210 figura

172 1215 242 1238 iudicij,
254 1216 273 1233 in
285 1215 325 1238 aliis
334 1220 381 1236 uero,
393 1217 446 1238 prout
453 1215 529 1237 qualitas
537 1220 598 1233 eorum
606 1216 688 1237 exegerit,
700 1216 770 1233 iusticie
778 1215 935 1238 complementum:

171 1244 286 1265 occupatores
306 1247 338 1260 seu
357 1242 463 1263 detentores,
485 1243 622 1265 presumptores,
647 1242 768 1260 molestatores
787 1243 805 1260 et
824 1242 936 1260 iniuriatores

171 1268 278 1290 huiusmodi,
291 1274 360 1287 necnon
372 1269 510 1286 contradictores
522 1269 609 1291 quoslibet
621 1270 638 1286 et
650 1268 729 1290 rebelles,
742 1269 870 1291 cuiuscumque
880 1269 935 1291 digni-

171 1297 218 1317 tatis,
230 1297 294 1317 status,
309 1296 376 1313 ordinis
391 1296 420 1313 uel
432 1295 540 1313 condicionis
553 1296 646 1316 extiterint,
663 1295 803 1318 quandocunque
815 1297 833 1313 et
845 1296 935 1318 quociens-

171 1328 240 1346 cunque
252 1323 353 1346 expedierit,
369 1323 474 1340 auctoritate
490 1324 550 1340 nostra
565 1328 596 1345 per
608 1328 702 1341 censuram
717 1323 861 1344 ecclesiasticam,
877 1323 935 1346 appel·
