1040 1506
188 81 219 102 1⁹4

186 134 205 151 in
216 134 307 157 posterum
319 134 396 154 tractam,
413 134 512 151 litterarum
529 133 579 156 apice
591 139 612 152 ec
623 132 714 156 fidedigns
729 134 802 152 testium
816 132 948 157 subscrlpolone

186 160 262 178 firmiter
273 161 368 178 roboretur.
392 161 436 178 Hinc
448 162 480 182 est,
492 160 539 183 quod
553 166 585 178 nos
595 161 650 178 frater
661 160 762 179 Gerhurdus
774 161 829 179 abbas
844 162 863 179 in
877 162 947 182 Lauda,

185 188 252 205 ordinis
264 188 396 210 Cysterciensis,
412 188 520 205 Gneznensis
533 188 613 208 diocesis,
629 188 674 205 scire
688 188 769 206 volumus
781 188 869 211 quoslibet
880 189 947 211 inspecr

185 216 232 232 tores
244 220 276 232 seu
288 214 377 232 auditores
389 216 425 232 tam
437 216 521 237 posteros,
534 220 587 237 quam
598 214 696 235 modernos,
708 214 755 237 quod
763 216 853 233 communi
860 220 947 233 consensu

185 243 285 259 nostrorum
297 242 386 259 seniorum
397 241 494 264 prehabito,
506 242 657 264 permutacionem
668 241 743 259 fecimus
752 243 769 259 et
776 242 888 264 presencium
899 243 947 260 testi-

185 269 244 286 monio
256 269 377 291 permutamus
393 269 437 289 iure,
453 268 505 286 modo
519 269 537 286 et
548 268 610 289 forma,
627 268 691 291 quibus
708 269 762 286 moris
780 269 798 286 et
815 269 947 286 consuetudinis

185 296 325 318 estfpermutari,
338 300 379 312 cum
390 295 463 318 prouida
475 296 512 312 vito
529 295 580 313 Petro
595 295 670 313 sculteto
681 296 700 313 iu
711 295 761 313 Nouo
773 295 887 317 Saqorowost)
903 296 947 313 alins

184 323 274 344 Drzewycz
288 323 394 345 nuncupato,
409 323 481 344 suisque
492 322 624 340 successoribus
636 322 733 344 legittimis,
749 322 811 340 dantes
827 322 885 340 eidem
896 323 947 340 Petro

185 350 259 367 sculteto
275 350 365 372 pretaxato
380 348 547 371 successoribusque
562 348 646 371 leffltimis
661 350 698 367 suis
710 354 793 367 mansum
807 354 848 367 cum
860 349 918 367 medio
930 350 948 367 in

185 377 295 399 Oownathiy)
313 376 356 394 villa
373 377 433 394 nostra
450 376 520 393 situatis
529 377 552 398 (s)
564 381 605 393 cum
626 376 711 394 scultecis
729 376 809 394 eiusdem
827 376 868 394 ville
889 377 948 394 nostre

186 404 279 421 Cownathi
291 403 384 424 antedicte,
396 408 427 426 pro
439 408 471 421 suo
484 403 538 420 altero
550 400 608 420 medio
616 408 678 420 manso
690 404 708 420 et
719 404 757 421 suis
766 403 881 426 pertinencijS
893 404 948 421 omni-

185 430 219 448 bus
231 432 249 447 et
260 430 335 452 singulis
352 435 393 447 cum
408 430 493 447 scultecia
506 430 525 447 in
540 430 630 451 Drzewuae
644 429 724 452 predicta
737 429 781 447 villa
796 431 857 447 nostra
871 430 948 451 situatis,

185 462 239 480 super
250 457 314 479 quibus
326 456 373 474 idem
389 456 451 474 Petrus
463 456 549 474 scultetus
566 456 651 479 prelatus,
669 457 731 479 suique
746 461 858 474 successores
872 457 948 479 legitimi

184 484 236 507 plene
248 485 266 501 et
277 483 377 501 omnimode
391 483 523 504 abrenunciant,
538 483 607 501 nullum
622 483 656 501 sibi
671 484 699 500 ius
710 484 729 501 in
744 483 807 501 eedem
821 483 919 501 hereditate
930 485 948 501 et

185 511 270 528 scultecia
281 511 351 533 penitus
363 511 479 531 resonantes,
492 510 540 528 omni
552 510 591 527 dolo
603 511 621 527 et
631 510 695 528 iraude
710 510 791 531 exclusis,
807 510 872 528 talibus
887 511 948 528 temen

185 538 218 555 sub
233 537 365 555 condicionibus
381 537 503 559 infrascriptis.
527 537 585 554 Primo
600 536 677 559 quidem,
697 537 744 559 quod
758 537 816 554 eidem
835 537 885 555 Petro
903 537 948 555 scul-

184 566 220 582 teto
232 564 311 587 sepefato
323 564 436 582 vendidimus
452 569 473 582 ac
490 569 521 587 pro
535 564 613 586 presenti
624 563 718 581 vendimus
734 568 817 581 mensum
832 569 873 582 cum
889 564 948 582 medio

183 592 202 609 in
214 592 307 609 Ooumathi
318 591 361 608 villa
372 592 432 608 nostra
443 590 516 613 prefixa,
528 596 559 613 pro
575 590 639 613 quibus
651 591 689 613 ipse
704 591 754 608 nobis
769 590 863 608 duodecim
878 596 947 609 merces

183 618 260 636 latorum
272 622 379 640 grossorum,
391 617 461 635 XLVHJ
472 622 543 640 grossos
555 622 586 640 pro
598 617 677 640 quelibet
688 622 748 635 marca
758 617 881 640 computando,
894 617 947 638 dedit,

183 645 269 668 pei-soluit
285 645 363 662 totaliter
377 645 396 662 et
407 645 510 666 assignauit,
529 645 555 662 sic
571 645 636 665 tamen,
654 644 701 666 quod
717 644 765 662 idem
781 644 867 662 scultetus
885 645 948 667 suique

184 676 296 689 successores
307 671 383 693 legitimi
394 671 460 689 ibidem
472 671 491 688 in
502 671 595 688 C'monathi
606 671 648 688 villa
660 672 720 688 nostra
732 670 812 693 sepefata
828 672 863 689 tres
876 676 947 689 mansos

182 698 273 716 habebunt
284 698 344 719 libere,
356 698 431 721 pacifice
442 699 460 715 et
471 698 591 720 possidebunt.
614 698 688 720 Insuper
704 697 790 715 scultetus
802 703 813 715 a
824 697 866 715 duta
877 703 947 721 presen-

183 726 230 743 cium
248 725 348 743 libertatem
365 724 438 742 habebit
453 725 517 747 viginti
533 726 608 747 quatuor
625 726 681 742 annos
700 724 808 745 duraturam,
824 724 878 742 simili
895 724 947 742 modo

183 753 201 770 et
212 752 317 770 kmethunes
329 757 340 769 a
351 753 435 775 tempore,
447 757 481 774 quo
494 751 602 772 aduenerint,
618 751 741 774 computando,
753 752 817 774 viginti
829 756 885 769 annos
896 752 947 769 liber-

183 780 238 797 tatem
255 784 275 796 se
291 779 372 796 nouerint
390 778 442 796 dublo
459 779 520 801 procul
532 778 584 796 modo
600 778 696 796 habituros*
719 778 781 796 sciam
797 778 854 796 eidem
871 778 947 796 sculteto

184 807 243 823 nostro
256 805 337 823 dedimus
355 806 372 823 et
390 806 527 827 assignauirnus,
545 810 565 823 ec
576 810 608 828 per
622 806 714 828 presentes
727 805 791 823 demus
805 806 823 822 et
834 806 947 827 assignamus

182 837 238 850 vnum
250 833 300 855 inger
312 832 377 850 arabile
389 833 467 855 exceptis
478 832 535 850 tribus
551 833 618 849 mansis
630 832 732 855 pretaxatis,
747 836 801 855 super
812 831 859 854 quod
871 832 947 850 eundem

183 860 298 883 licenciamus
314 859 414 877 ortulanum
429 860 468 877 siue
483 859 578 880 ortulanos,
593 858 729 879 tabernetorem,
745 858 843 876 secundum
854 858 902 881 quod
912 859 947 876 sibi

183 886 268 909 placitum
288 886 346 907 tuerit.
366 885 492 904 collocandum.
517 886 562 903 Item
582 885 629 903 idem
647 886 733 903 scultetus
752 886 852 908 pistrinum,
870 885 946 906 labrum,

183 914 261 931 sutorem
280 914 298 930 et
313 913 418 930 maccellum
436 918 491 935 supra
509 917 561 930 suam
577 912 698 933 hereditatem,
714 912 822 934 vbicumque
837 912 872 930 sibi
887 913 947 930 visum

182 940 241 961 merit,
253 939 336 958 edificare
348 941 366 957 et
374 940 475 958 construere
483 940 552 962 poterit,
564 940 624 957 nostra
633 939 655 957 de
665 939 744 960 licencia,
757 944 846 957 consensu
857 940 876 957 et
886 939 947 957 volun-

182 968 223 985 tate.
246 966 308 984 Eciam
327 967 406 989 prefatus
425 967 511 984 scultetus
528 967 592 988 suique
610 967 676 989 posteri
692 966 715 984 od
731 967 791 984 omnis
806 966 882 984 seruicia
896 966 946 984 nobis

182 994 288 1016 obligantur,
300 994 364 1016 quibus
376 993 406 1016 aiij
418 994 474 1011 nostrl
486 993 557 1011 sculteti
568 993 634 1011 seruire
646 994 689 1011 sunt
703 994 776 1014 astricti,
792 993 815 1011 ad
826 998 860 1015 que
871 993 947 1011 seruicia

182 1026 238 1038 vnum
253 1025 318 1043 equum
336 1020 358 1038 dc
375 1020 432 1038 tribus
448 1021 513 1038 marcis
528 1020 604 1038 latorum
621 1025 724 1042 grossorum
739 1021 777 1037 tam
793 1020 836 1042 ipse,
853 1024 907 1042 quam
918 1020 946 1037 sui

181 1048 247 1070 posteri
265 1047 356 1065 habebunt
375 1048 393 1065 et
412 1047 516 1067 seruabun2;
535 1052 557 1065 ac
571 1047 628 1065 eciam
643 1047 682 1069 ipse
697 1047 760 1069 suique
781 1051 893 1064 successores
913 1047 946 1064 ter-

182 1075 229 1092 cium
241 1074 333 1092 denarium
345 1074 367 1091 de
379 1074 458 1096 qualibet
468 1079 487 1091 re
498 1073 577 1091 iudicate
591 1073 688 1094 habebunt,
704 1073 801 1096 eademque
812 1073 893 1091 libertate
904 1078 946 1095 gau-

182 1101 253 1122 debunt,
269 1106 304 1123 qus
316 1101 386 1118 sculteti
398 1101 416 1118 in
429 1101 468 1123 aliis
480 1101 546 1118 nostrie
558 1100 605 1118 villis
617 1100 714 1121 constituti,
729 1100 765 1118 frui
776 1100 862 1118 hactenus
874 1105 946 1118 consue-

181 1129 250 1146 uerunt.
274 1128 347 1150 Insuper
358 1127 464 1145 kmethones
481 1128 500 1145 in
517 1127 565 1145 dicta
578 1128 639 1145 nostra
650 1127 693 1145 villa
710 1126 813 1148 residentes,
830 1126 852 1144 de
868 1127 946 1149 quolibet

182 1160 243 1172 manso
256 1156 296 1177 post
313 1154 408 1172 decumum
426 1159 486 1172 eorum
503 1154 606 1172 libertatum
622 1154 697 1176 singulis
715 1154 766 1172 annis
779 1154 801 1171 ad
812 1154 879 1171 festum
888 1154 946 1172 sancti

181 1181 252 1199 Martini
260 1186 338 1199 marcam
347 1181 423 1199 latorum
431 1186 533 1203 grossorum
543 1181 615 1202 dabunt,
627 1181 745 1203 assignabunt
753 1180 830 1198 totaliter
841 1182 859 1198 et
870 1181 944 1198 soluent.

180 1208 242 1226 Boiam
259 1208 333 1231 predicti
351 1209 407 1226 nostri
424 1208 530 1226 kmetliones
549 1207 572 1225 ad
589 1208 655 1225 festum
670 1208 806 1230 Assumpcionis
823 1207 874 1225 beate
891 1207 945 1225 Maris

180 1235 231 1253 nobis
239 1240 271 1258 per
282 1234 326 1252 duos
335 1235 392 1257 pullos
404 1236 422 1252 et
434 1234 456 1252 ad
467 1235 534 1252 festum
543 1234 611 1252 Pasche
622 1239 654 1257 per
662 1234 739 1252 mediam
752 1237 859 1256 sexagenum
871 1239 945 1257 ouorum

181 1262 259 1284 quolibet
274 1267 319 1279 anno
335 1261 377 1279 dare
394 1262 430 1279 sint
447 1262 522 1282 astricti,
538 1261 625 1279 scultetus
638 1266 681 1279 vero
696 1262 715 1279 iu
729 1266 794 1283 magno
811 1261 880 1282 iudicio,
898 1261 945 1283 quod

180 1288 279 1306 secuudum
291 1293 403 1306 communem
416 1288 561 1306 consuetudinem
574 1289 619 1306 terre
630 1293 676 1305 anno
688 1288 766 1310 quolibet
774 1288 882 1308 obseruatus,
894 1288 945 1305 nobis

180 1321 211 1334 sex
226 1316 289 1337 scotos,
307 1315 412 1333 kmethones
423 1320 465 1333 vero
479 1315 556 1333 mediam
574 1320 652 1333 marcam
669 1315 742 1336 soluere,
761 1314 803 1333 dsre
819 1315 837 1332 et
853 1315 945 1337 assignare
