1040 1506
825 89 858 106 303

97 138 135 156 320.
159 138 208 156 1420.
221 137 249 155 die
262 139 288 155 11.
301 137 367 155 mensis
378 137 428 158 Iunii,
440 137 526 155 Gnesnae.

162 182 164 184 ‚
177 191 296 213 Sandivogius
311 191 333 208 de
344 191 427 213 Ostrordq
442 192 522 212 testatur,
538 191 630 209 Nicolaum
645 191 667 208 de
685 192 802 213 Warzymowo
818 197 859 209 cuni

97 219 168 236 Nicolao
186 218 317 241 archiepiscopo
335 218 433 236 Gnesnensi
451 219 529 236 castrum
548 218 631 240 Wenecya
642 218 684 236 villa
701 219 796 240 stkupioe
813 223 859 236 com-

97 246 181 264 mutasse.

176 299 196 317 ln
214 299 285 316 nomine
303 299 373 317 Domini
391 303 448 316 amen.
471 298 500 316 Ad
516 300 620 321 perpetuam
638 299 663 316 rei
681 299 788 317 memoriam.
815 299 859 317 Cum

97 326 184 349 presentis
196 331 234 348 ewy
245 325 314 343 lubrica
329 325 409 343 condicio
424 326 498 343 cunctas
513 325 606 343 hominum
622 326 703 343 acciones
715 326 763 348 longi
774 327 859 348 prescrip-

97 354 147 370 cione
158 353 242 375 temporis
254 352 358 375 plerumque
373 352 464 374 diuergere
480 353 577 373 consueuit„
594 353 628 370 nisi
645 352 735 370 literarum
750 353 830 375 apicibus
842 354 860 370 et

97 380 198 397 testimonio
210 379 341 401 fldedignorum
353 379 419 397 tuerint
430 379 546 401 perhennem:
558 379 590 397 sed
601 380 643 401 quia
654 379 696 397 licet
703 379 725 397 de
733 379 860 397 consuetudine

97 407 140 424 iuris
152 411 188 424 non
199 406 262 427 extitit,
279 407 299 423 vt
310 406 374 425 alicubi
390 406 437 423 circa
452 405 519 423 domini
534 406 582 428 regis
597 407 713 428 presenciam,
728 406 747 424 in
758 407 806 424 terta
817 407 860 424 exis-

97 434 156 454 tentis,
168 438 227 451 coram
239 433 331 455 capitaneo
343 434 389 450 terre
400 432 479 454 generali
492 433 551 455 alique
562 432 602 450 fieri
614 434 744 450 consueuerunt
755 433 861 455 resignncio-

97 465 133 481 nes,
151 461 210 477 tamen
227 459 249 477 de
264 460 370 477 comissione
389 460 407 477 et
425 459 509 477 mandato
526 460 599 482 speciali
617 460 726 477 serenissimi
742 460 827 482 principis
844 461 861 477 et

97 486 168 508 domini,
185 486 252 504 domini
264 486 357 504 Wlwdlslai
369 486 402 504 Dei
414 486 474 508 gracia
485 487 533 508 regis
545 486 616 504 Polonie
627 488 660 504 eto.
676 491 745 504 necnon
757 487 861 505 auctoritate

97 513 210 531 Celsitudinis
228 518 260 531 sue
271 514 290 531 in
302 513 335 531 bac
351 514 401 536 parte
418 518 450 536 per
467 513 550 531 culminis
569 514 597 531 sui
614 514 693 535 graciam
710 513 760 531 nobis
778 514 859 535 comissa,

96 542 196 563 presentem
208 541 341 563 accept-animus
348 540 494 562 resignacionem.
517 540 592 558 Proinde
599 545 632 558 nos
640 540 763 562 Sandiwogius
770 540 793 558 de
802 541 859 558 omn>-

94 572 127 589 ¹⁷⁰ss
138 567 228 590 palatinus
240 567 365 585 Posnaniensis
380 567 399 584 et
410 567 513 589 capitaneus
525 567 596 584 Maioris
611 567 682 585 Polonie
697 567 790 589 generalis,
806 568 860 589 signi-

96 594 172 612 ficamus
184 595 244 611 tenore
256 594 373 616 presencium,
385 593 449 616 quibus
461 593 537 616 expedit,
549 594 672 612 vniuersaliter
682 594 759 616 singulis
771 595 789 611 et
800 594 860 616 singu-

96 621 156 638 lariter
167 621 260 641 vniuersls,
276 622 313 638 tam
325 620 441 643 presentibus,
456 625 510 642 quain
524 620 594 641 tuturis,
610 620 673 638 harum
685 621 749 638 seriem
760 621 860 639 litterarum

96 647 183 665 audituris
195 647 222 665 vel
234 648 305 668 visuris,
321 647 408 670 quomodo
420 647 443 665 ad
454 648 533 665 nostram
545 648 563 665 et
575 647 649 665 aliorum
661 647 741 665 eiusdem
753 648 799 665 terre
810 647 859 665 baro-

96 679 140 693 num
151 675 224 692 veniens
236 675 347 697 presenciam
363 675 446 693 strenuus
457 674 541 692 Nicolsus
553 674 575 692 de
588 674 701 696 Warzunowo
713 674 755 692 olim
767 674 789 692 de
802 674 860 692 Wene-

95 702 128 722 cia,
146 706 182 719 non
199 701 301 724 compulsus
318 706 351 718 nec
371 702 447 722 coactus,
464 706 522 723 neque
540 701 599 723 aliqua
615 700 650 718 doli
667 701 758 718 delusione
769 701 859 722 seductus,

95 729 199 750 quinymmo
210 733 266 745 sanus
278 728 338 745 mente
349 728 415 750 pariter
423 729 441 745 et
450 733 522 750 corpore
530 727 599 745 validus
612 728 694 749 existens,
706 733 749 745 vsus
762 728 859 745 amicorum

96 755 173 776 consilio,
185 755 323 777 adultmneaque
330 755 420 772 voluntate
432 756 450 772 et
459 756 529 772 matura.
536 754 663 772 deliberacione
671 754 768 778 prehabita,
780 756 859 772 castrum

95 787 148 799 suum
164 782 264 802 Wenacia¹)
279 781 368 804 wlgnriter
382 782 520 804 nunccupatum,
537 786 577 799 cum
592 781 635 799 villa
651 781 790 803 Momm-zavan
806 781 858 803 dicta,

95 814 150 832 penes
162 810 241 826 castium
255 808 321 826 ibidem
335 809 405 829 iacenti,
421 813 462 826 oum
474 809 522 826 omni
533 809 577 829 iure,
592 809 698 831 proprietate
710 810 763 831 atque
775 808 858 829 dominio.

95 837 148 858 prout
159 835 207 853 solus
219 836 281 856 tenuit,
299 835 361 853 habuit
372 836 390 855 et
401 835 484 858 possedit,
499 835 616 857 omnibusque
627 835 694 856 vsibus,
710 835 803 856 fructibus,
819 840 857 858 pro·

97 862 185 883 uentibus,
201 862 288 883 censibus,
300 861 403 883 redditibus,
415 862 488 885 campis,
501 863 548 884 agris
560 862 612 880 cultis
627 863 644 880 et
659 862 730 880 incultis
747 867 768 880 ac
779 862 806 880 de.
813 867 858 880 novo

96 889 209 912 extirpandis,
225 889 286 911 pratis,
301 889 379 911 pascuis,
394 889 503 911 graminetis,
523 888 578 910 siluis,
595 889 657 910 bortis,
674 889 775 911 mellificijs,
793 889 857 912 gagljs,

96 916 188 938 quercetis,
200 916 276 937 mericis,
287 915 394 936 nemoribus,
407 915 471 936 dumis,
483 915 597 936 anfractibus,
609 915 678 936 insulis,
685 916 773 938 virgultis,
785 916 858 937 rubetis,

95 942 221 960 venacionibus
232 943 251 960 et
262 942 417 967 aucupmonibus,
427 947 498 965 ,necnon
509 943 560 964 aquis
568 947 664 965 earumque
671 942 780 963 ‹iecur-sibus,
793 942 858 960 molen·

95 969 142 987 dlnis
153 970 172 987 et
179 970 257 992 ipsorum
266 969 389 990 molimentis,
401 969 510 990 fluminibus,
523 969 601 990 lacubus,
614 970 692 992 piscinis,
702 969 780 995 stagnis,
791 969 859 992 paludi-

95 996 134 1017 bus,
146 996 253 1014 torrentibus
265 997 283 1014 et
293 996 353 1017 riwlis,
365 996 505 1018 generaliterque
517 1001 558 1014 cum
570 996 652 1014 omnibus
664 997 682 1014 et
693 995 768 1018 singulis
780 996 859 1014 Vtilitati-

95 1023 133 1044 bus,
145 1023 260 1046 pertinenciis
272 1023 372 1045 ceterisque
381 1023 474 1045 quibusuis
486 1023 579 1046 append'u‘s
591 1024 609 1041 et
619 1023 757 1041 obuencionibus
765 1023 859 1044 vniuersis,

95 1049 226 1072 quomodolibet
243 1049 266 1067 ad
283 1050 342 1072 ipsum
359 1051 438 1067 castrum
454 1051 471 1067 et
487 1050 548 1068 villam
567 1050 694 1072 spectantibus,
711 1051 729 1067 et
747 1054 859 1072 quocumque

96 1077 220 1099 nuncupantur
233 1076 324 1097 vocabulo,
342 1077 380 1094 tam
397 1077 437 1097 late,
455 1081 509 1099 quam
526 1076 583 1099 longe,
601 1078 653 1099 prout
668 1077 701 1094 hoc
717 1076 764 1094 idem
780 1078 858 1095 castrum

97 1108 138 1121 cum
149 1103 192 1121 villa
206 1104 224 1121 et
236 1104 273 1121 suis
291 1103 398 1126 adiacenciis
410 1103 428 1121 in
444 1104 523 1126 ipsorum
535 1104 592 1124 metis,
610 1103 701 1124 limitibus,
719 1103 858 1124 condicionibus,

97 1130 181 1151 articulis,
198 1130 323 1152 posicionibus,
336 1130 425 1151 clausulis,
440 1130 521 1152 gadibus,
536 1130 621 1153 granicijs
636 1135 657 1147 ex
674 1131 745 1152 antiquo
760 1131 803 1148 sunt
814 1130 859 1148 limi-

95 1157 127 1174 tati
133 1157 156 1178 (s)
174 1156 359 1174 circumferencialiter
376 1158 394 1174 et
412 1154 589 1179 transuersalitcrque
604 1157 687 1175 distincte
693 1158 721 1178 (s)
739 1157 793 1174 nichil
810 1157 858 1178 iuris,

95 1184 207 1206 proprietatis
219 1183 258 1201 siue
270 1183 342 1206 dominii
356 1188 387 1206 pro
401 1188 421 1201 se
437 1185 468 1201 aut
484 1184 521 1201 suis
537 1184 629 1206 legittimis
644 1183 776 1201 successoribus
792 1181 858 1201 ibidem

95 1211 165 1233 penitus
184 1210 296 1231 reseruando,
314 1210 461 1228 reuerendissimo
478 1211 497 1228 in
510 1210 580 1228 Christo
592 1211 652 1233 (patri)
664 1211 682 1228 et
693 1210 769 1231 domino,
787 1208 859 1228 domino

89 1236 166 1257 ‚Nicolao
181 1237 242 1254 diuina
257 1237 371 1259 prouidencia
388 1237 519 1260 archiepiscopo
536 1238 649 1255 sacrosancte
664 1237 772 1255 Gneznensis
785 1237 858 1255 ecclesie

90 1265 113 1281 et
124 1264 199 1286 primate
205 1265 228 1285 (s)
239 1264 310 1281 racione
321 1264 471 1281 vicissitudinarie
483 1264 629 1281 commutacionis
640 1264 686 1282 inter
697 1269 717 1281 se
728 1263 859 1282 racionabiliter

91 1290 147 1311 tracte,
162 1295 193 1313 pro
206 1290 303 1316 hereditate
314 1290 443 1312 Βμεοαγιιεκῑ)
460 1290 512 1311 dicta,
528 1291 545 1308 in
558 1290 640 1308 districtu
652 1290 807 1313 Radzyeyewiensl
818 1289 858 1312 sits

90 1314 220 1339 nichilominus
232 1319 249 1334 et
262 1314 302 1334 cum
314 1317 461 1344 suporaddicione
472 1318 587 1344 tricentasum
603 1322 702 1339 marcarum
715 1318 773 1344 minus
786 1317 859 1340 triginta
