1040 1506
804 90 836 109 68⁹

79 142 150 157 amnem
161 136 250 161 wig-ariter
261 138 327 156 Oetrmo
339 136 450 156 nominantes
468 142 478 156 a
495 138 560 157 nostris
574 139 704 162 precessoribus
722 140 765 157 alias
777 140 836 161 locari,

78 171 99 183 ac
111 166 212 183 hominibus
223 165 318 183 inhabitari
331 170 440 186 concessum,
457 166 475 183 in
487 165 559 188 opidum
572 167 659 188 erigentes
671 167 773 184 censuimus
785 172 837 189 appe-

77 193 115 214 lari,
134 193 162 210 ius
179 192 312 211 Teuthouicum.
332 191 379 214 quod
396 192 537 214 Maydburgense
553 192 623 214 fficitur,
642 193 689 210 dicto
707 193 758 216 opido
777 198 837 211 conoe-

78 219 140 237 dentes
157 220 175 237 et
192 219 309 236 concedimus.
335 218 452 236 Remouentes
467 219 489 236 ds
500 219 547 237 dicto
567 219 619 242 opido
637 220 704 237 Ostrow
722 221 781 238 omnia
798 221 838 238 iura

77 246 188 267 Polonicalia,
200 245 297 268 modosque
308 246 326 263 et
338 245 474 263 consuetudines
487 246 585 267 vniusrsas,
603 251 637 268 que
648 247 708 269 ipsum
722 247 751 264 ius
763 246 837 265 Toutho-

77 273 138 291 nicum
149 272 290 295 Maydbnrgense
301 273 374 295 possent
386 273 404 290 et
414 272 486 290 valeant
497 273 515 290 in
527 273 586 295 aliquo
593 273 701 295 perturbare,
712 273 837 291 nichilominus

77 299 164 323 opidanis,
183 299 245 317 incolis
263 300 281 316 et
292 298 440 317 inhabitatoribus
457 299 504 322 opidi
519 300 611 317 memorati
628 304 656 317 res
668 300 756 322 quaslibet
767 301 837 322 generis

77 327 205 348 cuiuscumque
222 327 240 343 et
256 326 321 349 speciei
338 326 376 343 tam
388 326 528 343 mercnnciarum
545 327 620 348 usuique
632 326 710 344 humano
722 328 837 348 necessarias,

77 358 189 375 quocumque
200 353 271 370 nomine
283 352 388 370 vocabulare
400 353 510 373 censeantur,
524 353 570 370 inter
581 353 654 375 opidum
665 353 770 376 predictum,
786 355 838 376 prout

77 381 95 397 in
107 380 148 403 alijs
159 379 216 402 opidis
233 380 252 397 in
264 379 401 402 regno‘i’olonie
417 379 554 397 consistentibus
570 380 598 397 est
614 380 686 397 solitum
698 381 716 397 et
727 381 836 401 consuetum,

77 406 165 424 vendendi
183 406 252 426 damus,
271 406 356 428 largimur
372 407 390 423 et
409 406 522 424 concedimus
542 407 602 424 tenore
620 407 732 429 presencium
749 406 837 424 mediante

76 433 151 451 liberam
163 434 180 451 et
191 432 312 450 omnimodam
324 432 432 451 facultatem.
454 432 547 450 Eximinus
559 434 637 456 insuper,
650 433 758 451 absoluimus
771 435 788 451 et
799 438 837 456 per-

77 461 130 483 petuo
141 460 237 478 liberamus
249 464 310 477 omnes
328 461 346 477 et
357 458 436 482 singulos
449 459 529 477 eiusdem
540 459 587 482 opidi
599 460 666 478 incolas
682 461 699 477 et
710 460 837 478 inhabitatores

77 492 130 504 sexus
142 487 233 509 vtn'usque
249 486 272 504 ab
283 487 331 504 omni
348 486 461 504 iurisdicione
477 487 495 504 et
511 487 599 509 potestate
616 487 696 504 omnium
714 487 764 509 reg-ni
781 487 837 504 nostri

77 514 200 536 palatinorum,
212 513 353 534 castellanorum,
368 514 505 536 capitaneorum,
522 513 606 534 iudicum,
624 513 742 534 subiudicum,
760 519 837 531 camera-

77 541 143 558 riorum
154 541 172 558 et
183 545 335 562 quorumcumque
352 539 458 558 officialium
475 541 493 557 et
507 540 642 562 dignitati-iorum
662 545 682 558 ac
695 540 837 558 ministerialium

77 567 178 588 eorundem,
195 568 215 584 vt
232 572 292 584 coram
309 567 353 589 ipsis
371 568 403 584 aut
419 568 498 589 ipsorum
518 567 576 589 aliquo
593 572 624 590 pro
641 568 700 585 causis
712 568 749 585 tam
761 568 836 589 magnis.

76 599 130 616 quam
147 594 212 617 pomis,
229 594 273 616 puta
289 593 337 614 furti,
355 594 457 615 saugwinis,
473 593 570 616 homicidij,
587 594 707 612 membrorum
724 594 837 611 mutilacIone

76 625 110 638 seu
121 620 214 643 quibusuis
226 620 267 642 aliis
278 620 379 638 enormibus
392 620 493 638 excessibus
509 621 559 638 citati
570 621 643 638 minime
661 620 793 643 respondebunt
804 626 837 638 nec

76 647 145 670 aliquas
162 652 218 670 penas
233 647 302 664 soluere
313 647 383 664 racione
397 648 508 664 contumacie
525 647 618 668 debebunt.
636 647 669 665 sed
687 647 763 670 opidani,
780 647 837 665 incole

76 675 95 692 et
106 674 233 692 inhabitatores
252 673 300 695 opidi
316 673 391 696 predicti
407 674 477 691 tantum
489 678 548 691 coram
560 674 656 691 venerabili
675 674 751 696 capitulo
763 674 837 692 ecclesie

76 701 201 718 Poznaniensis
217 700 302 723 prelibate
319 701 350 718 aut
362 700 442 718 eiusdem
460 700 607 723 procuratoribus,
624 700 749 723 aduocatoque,
766 705 837 723 precon-

76 728 120 748 sule,
140 727 242 745 consulibus
260 728 278 744 et
289 727 366 745 scabinis
384 727 427 744 dicti
438 727 486 750 opidi
498 727 565 745 ὕπνοιο
582 732 613 750 pro
625 728 703 750 tempore
715 727 837 748 existentibus

77 754 175 773 aduocatus
192 759 239 775 vero,
255 754 354 777 preconsul,
373 754 454 772 consules
471 755 489 772 et
506 754 574 772 scabini
590 759 648 772 coram
661 754 729 777 prefato
741 754 837 772 venerabili

78 782 160 804 capitulo,
179 782 210 799 aut
226 781 283 804 ipsius
299 781 446 804 procuratoribus,
465 782 496 799 aut
514 786 573 799 coram
590 781 641 799 nobis
658 781 686 798 vel
702 781 766 799 iudicio
777 782 837 804 nostro

75 808 131 831 regali
143 808 186 826 dum
197 809 257 825 tamen
272 813 303 831 per
314 808 374 825 literas
386 809 461 828 nostras,
480 809 539 825 nostro
551 808 637 825 duntaxat
654 807 712 830 sigillo
724 808 837 830 consignatas

76 836 94 853 et
106 840 141 853 non
154 835 226 853 alterius
242 835 292 852 citati
303 834 374 855 luerint,
390 835 408 852 et
419 834 453 852 hoc
464 834 527 855 solum,
542 835 558 852 sl
569 835 588 852 in
599 834 690 852 reddenda
701 835 772 852 iusticia
783 834 837 857 negli-

76 863 139 884 gentes
156 862 241 884 comperti
258 861 324 879 luerint
340 861 369 879 vel
386 862 461 882 remissi,
477 866 513 879 non
527 861 578 879 aliter
596 862 661 882 tamen,
680 866 733 884 quam
745 862 764 879 in
776 861 837 879 eodem

76 890 114 906 iure
125 888 236 906 'l'heutunico
253 888 276 906 de
292 893 311 906 se
330 888 464 910 quemlantibus
480 888 586 911 respondere
603 889 639 906 sint
651 889 723 906 asu-icti.
746 888 766 905 ln
778 888 837 905 causis

76 916 136 933 autern
148 915 269 933 criminalibus
286 916 304 932 et
320 915 402 938 superius
420 915 526 937 expressatis
544 914 635 936 aduocato,
653 915 758 937 preconsuli,
776 919 837 932 consu·

76 942 123 960 libus
135 943 153 960 et
164 942 246 963 scabinis,
259 942 289 964 qui
300 947 331 964 pro
343 943 423 964 tempore
434 941 504 962 tuerint,
520 942 567 959 inu-a
578 941 651 964 opidum
662 941 760 964 predictum
773 942 837 959 metas-

76 974 111 991 que
128 970 147 986 et
159 969 248 991 granicies
265 968 345 986 eiusdem
361 968 456 989 iudicandi,
475 968 566 991 puniendi,
585 968 713 989 sentenciandi,
733 968 837 990 corrigendi,

77 995 186 1016 diffiniendi„
200 995 302 1016 mulctandi,
319 995 407 1018 plectendi
425 996 443 1013 et
455 995 584 1013 condemnandi
600 995 671 1018 plenam
688 996 706 1012 et
717 994 837 1013 omnimodam

77 1022 191 1040 concedimus
208 1022 317 1043 facultatem,
335 1023 387 1045 prout
403 1022 421 1040 id
438 1023 497 1045 ipsum
514 1022 542 1039 ius
554 1022 683 1039 Teuthunicum
696 1021 837 1044 Maydburgense

76 1049 176 1072 predictum
193 1049 212 1066 in
223 1049 306 1067 omnibus
323 1049 361 1066 suis
377 1049 448 1071 punctis
466 1049 484 1066 et
496 1049 585 1069 clausulis,
603 1049 687 1069 articulis,
706 1048 837 1066 condicionibus

77 1077 95 1094 et
113 1076 195 1098 capitulis
213 1076 292 1098 postulat
311 1077 329 1093 et
347 1076 425 1098 requirit*
448 1076 515 1093 Harum
534 1075 598 1098 quibus
618 1075 697 1098 sigillum
714 1076 794 1093 nostrum
811 1076 838 1093 est

77 1107 176 1125 appensum
194 1103 295 1120 testimonio
313 1102 409 1120 literarum.
432 1103 499 1120 Actum
518 1103 536 1120 et
554 1102 616 1120 datum
635 1103 654 1120 in
670 1102 776 1120 Warusdjno
793 1102 838 1119 feria

79 1130 134 1147 tercia
153 1129 200 1147 intra
218 1130 290 1147 octenas
310 1130 445 1152 Assumpcionis
464 1129 515 1147 beate
534 1129 588 1147 Marie
607 1129 681 1151 virginis
692 1129 772 1151 gloriose,
792 1133 837 1146 anno

77 1156 149 1174 Domini
167 1156 260 1174 millesimo
280 1156 453 1178 quadringentesimo
472 1156 607 1178 quadragesimo
627 1156 693 1178 quarto.
724 1155 837 1173 Preseutibus

77 1182 144 1200 ibidem
160 1183 260 1205 magnificis
278 1183 370 1201 Matheona
388 1183 439 1204 bano,
456 1182 541 1200 Michaele
558 1183 618 1205 stag
633 1182 775 1200 subthesaurario
787 1183 837 1205 regni

78 1210 172 1232 Hungarie,
192 1209 240 1227 Luca
259 1209 281 1227 de
300 1210 359 1227 Gorka
378 1210 461 1233 palatino,
480 1209 552 1227 Nicolao
571 1209 593 1226 de
612 1209 693 1226 Omlino
712 1209 837 1231 Woyniciensi,

78 1236 150 1254 Nicolao
164 1236 186 1254 de
197 1237 288 1254 Zakrzewo
304 1237 412 1254 Wisllciensi
428 1236 534 1257 castellanis,
552 1236 625 1258 Byenak
637 1235 659 1253 de
671 1236 766 1253 Bandlewo
777 1236 838 1253 vexili-

79 1263 121 1283 fero,
134 1263 184 1280 Petro
196 1263 218 1280 do
230 1263 329 1281 Obrziczslto
341 1264 425 1286 pincerna
436 1262 585 1281 Poananicnsibus
603 1263 621 1280 et
632 1262 683 1280 Petro
695 1262 717 1280 de
728 1263 838 1280 Schamotuli

79 1291 97 1307 et
112 1290 152 1312 aliis
169 1294 222 1312 quum
237 1290 317 1313 plun'bus
332 1290 428 1312 iidedignis
447 1290 495 1307 curie
509 1290 569 1307 nostre
585 1289 707 1307 Iamiliaribus.
731 1289 763 1306 Per
775 1294 838 1306 manus

80 1316 215 1338 magnificorum
233 1316 314 1334 Iohannis
332 1316 353 1334 de
365 1317 480 1338 Conveczpole
495 1316 594 1334 cancellarii
611 1317 629 1334 et
645 1316 691 1334 Petri
703 1316 725 1333 de
736 1316 838 1333 Scaekocino

740 1347 757 1361 37
