1040 1506
69 149 82 165 ³.
103 148 149 165 1400.
162 147 190 165 die
202 149 229 165 11.
241 148 308 165 mensis
319 147 390 170 Aprilis,
402 147 421 165 in
432 147 513 169 διαρπα-

141 196 250 214 Wladislaus
261 197 281 214 11.
295 201 326 214 rex
337 196 419 214 Poloniae
436 197 493 214 ratam
504 196 548 214 iacit
559 196 682 214 limitationem
693 196 746 213 villae
762 196 821 213 Malu>

68 224 124 245 mica,
136 224 238 241 monasterii
250 223 347 241 Laudensis
359 223 444 246 propriae.

141 277 161 295 In
180 278 251 295 nomme
270 277 341 295 Domini
356 282 413 295 amen.
436 276 465 294 Ad
482 278 586 300 perpetuam
603 277 628 294 rei
646 277 753 294 memoriam.
777 276 821 294 Cum

67 305 107 322 inter
121 306 184 322 nature
196 304 273 322 humane
291 303 383 322 commoda
400 303 455 321 nichil
466 303 538 326 dignius
550 304 635 321 memoria
646 303 737 324 habeatur,
753 304 822 326 oportu-

67 336 104 349 num
115 332 180 352 existit,
198 332 217 349 vt
228 332 279 349 actus
291 330 383 349 bertuinum
395 331 475 353 apicibus
490 330 581 348 literarum
593 332 611 348 et
622 330 695 348 testium
706 330 822 348 annotatione

66 358 197 381 perhennentur.
221 357 295 375 Proinde
306 362 339 375 nos
351 357 459 375 Wladislaus
471 357 504 374 Dei
511 357 572 379 gracia
583 362 613 374 rex
622 357 697 378 Polonie,
709 362 777 375 necnon
789 358 822 374 ter-

66 390 120 402 rarum
132 385 222 406 Gracouie,
234 384 350 405 Sandomirie,
362 384 435 405 Slradle,
447 384 534 405 Lancicie,
546 384 624 405 Culauie,
636 384 764 406 Lithuanieque
775 384 821 406 prin-

66 417 103 434 ceps
109 417 210 435 supremus,
221 411 359 434 Pomeranieque
370 412 388 429 et
400 411 463 429 Russie
472 411 555 429 dominus
563 412 581 428 et
588 410 639 428 heres
648 412 680 428 etc.
693 411 821 433 significamus,

66 439 125 460 quibus
137 438 213 461 expedit,
224 438 317 459 vniuersiS,
330 438 377 460 quod
388 438 450 455 habita
461 437 542 460 diligenti
554 437 696 455 consideracione
707 437 730 455 ad
742 439 822 455 constan·

66 466 86 483 tis
93 465 195 483 deuooionls
203 465 273 486 indlcia,
285 465 349 487 quibus
361 465 416 482 abbas
425 466 443 482 et
453 464 517 482 iratres
530 465 631 487 monesterij
644 465 662 482 in
674 465 744 485 Lauda,
755 464 822 482 ordinis

65 492 188 513 Cistereiensis,
200 492 218 510 in
230 493 326 515 conspectu
334 492 382 514 regio
391 491 496 512 claruerunt,
509 491 572 509 horum
583 492 649 509 intuitu
657 491 735 509 volentes
743 492 822 514 ipsorum

65 518 175 537 deuocionem
188 518 272 542 ampliare
284 520 302 536 et
313 523 343 536 eos
356 518 438 541 specialis
450 519 509 540 gracie
523 519 636 541 prerogatiua
647 519 744 541 prouenire,
762 519 781 535 vt
793 523 822 536 no-

65 546 102 563 stris
112 545 184 563 suffulti
196 545 332 568 munificenciis,
348 546 366 563 in
378 546 427 568 pacis
439 545 583 567 conquiescentes
595 544 693 566 dulcedine,
711 544 822 562 oracionibus

65 572 132 590 liberius
144 577 208 590 vocare
220 573 289 595 possint
300 574 318 590 et
330 572 414 590 creatoris
425 573 481 589 nostri
493 572 608 589 clemenciam
620 576 651 594 pro
661 573 722 589 nostra
733 573 751 589 et
762 571 822 594 prede<

65 604 151 617 cessurum
168 600 269 617 nostrorum
286 599 343 617 salute
362 599 433 616 vberius
445 603 522 619 exorare,
542 599 667 621 cupientesque
685 598 731 616 diem
749 599 822 616 extremi

65 626 120 649 iudicij
129 626 201 649 pietatis
209 626 291 649 operibus
298 626 396 648 preuenire,
408 626 490 648 specialis
502 625 603 643 deuccionls
615 625 651 643 zelo
664 626 738 646 accensi,
750 626 822 643 strenuo

65 652 158 670 'l'homconi
170 653 287 676 subpincerne
299 652 416 673 Cracouiensi,
434 653 526 675 capitaneo
542 654 588 670 terre
599 653 659 670 nostre
670 652 740 670 Maioris
752 652 822 670 Polonie

65 680 140 701 generali
151 681 169 697 et
180 679 246 697 Mathie
258 679 387 697 succamerario
405 679 507 697 Calissiensl
518 679 576 697 firmis
584 679 649 697 nostris
661 679 750 701 regalibus
762 679 822 696 memi-

65 707 119 724 nimus
131 706 201 724 dedisse
213 706 232 724 in
243 707 349 727 commissis,
360 707 380 723 vt
391 706 461 729 syluam
472 706 541 724 Multam
553 707 570 724 et
578 706 638 723 villam
646 706 776 727 Mammam),
788 710 822 728 que

64 733 87 750 eis
98 733 251 756 incorporsuimus
266 734 284 751 et
295 733 374 756 ipsorum
392 733 498 751 monasterio
516 733 668 756 appropi-lauimus
681 734 698 750 et
710 732 822 750 adiunximus

65 761 152 783 perpetuis
172 760 281 783 temporibus
300 760 395 781 duraturis,
414 760 501 777 limitibus
524 760 546 777 ab
565 759 647 777 omnibus
665 759 793 777 hereditatibus
805 761 823 777 et

64 787 116 808 bonis,
133 787 213 805 eiusdem
225 787 275 809 sylue
287 788 305 804 et
316 787 357 804 ville
369 787 529 807 conuieinitatibus,
546 787 673 809 cuiuscumque
689 786 793 804 conditIonls
805 788 823 804 et

65 815 119 832 status
131 819 247 837 personarum
259 813 339 837 predicta
355 814 406 834 bona,
424 813 475 836 sylue
486 815 504 831 et
515 813 556 831 ville
568 814 633 831 vicinia
645 813 744 834 existerent,
762 813 822 831 distin-

64 845 115 863 guere
126 841 195 859 iactant
206 842 224 858 et
235 845 267 863 per
277 840 332 863 gades
344 840 431 858 notabiles
442 840 512 863 syluam
530 840 631 858 huiusmodi
643 841 661 858 et
677 840 738 858 villam
750 845 761 858 a
771 840 822 858 bonis

65 869 80 885 et
91 867 219 885 hereditatibus
231 872 393 890 quarumcumcque
404 872 525 890 personarum,
544 868 564 885 vt
581 867 693 890 premittitur,
712 868 823 890 sequestrare

65 894 159 912 limitando.
183 894 289 916 Quiquidem
305 894 382 912 Thomco
394 895 412 911 et
423 894 499 912 Mathias
511 894 534 912 ad
546 895 605 912 nostre
621 894 720 912 maiestatis
731 894 822 911 venientes

64 922 178 943 presenciam,
196 921 310 939 manifestam
326 926 385 939 coram
397 921 447 938 nobis
459 921 600 943 recognicionem
612 921 697 942 iecerunt,
716 920 762 943 quod
774 926 822 938 man-

64 947 106 965 datis
125 948 191 966 nostris
203 949 221 965 et
240 948 340 965 commissis
358 948 499 970 obtemperantes
514 947 595 969 fideliter,
614 947 712 970 predictam
724 948 793 970 syluam
805 949 823 965 et

63 974 120 992 villam
132 975 244 992 Makownica
255 975 273 992 et
284 975 353 992 Makow
364 979 405 992 cum
417 974 499 992 omnibus
511 975 562 992 bonis
574 975 654 992 omnium
665 975 793 997 terrigenarum
805 976 823 992 et

64 1006 207 1024 quarumcunque
218 1006 334 1024 personarum
345 1002 489 1019 ter-minacionem
501 1001 592 1022 limitibus,
612 1001 687 1023 gadibus
705 1003 723 1019 et
739 1001 822 1024 scopulis,

63 1029 90 1050 qui
108 1029 171 1050 hepene
190 1028 277 1049 dicuntur,
296 1029 344 1046 iusto
356 1029 373 1046 et
384 1028 458 1046 iurldico
477 1028 590 1046 limitacionis
602 1030 620 1046 et
631 1028 752 1046 distinccionis
766 1028 822 1049 titulo,

63 1055 109 1073 iuxta
120 1060 188 1073 morem
199 1057 217 1073 et
228 1055 375 1073 consuetudinem
386 1055 437 1077 regni
448 1055 504 1073 nostri
515 1055 607 1073 limitando
615 1054 733 1073 distinxerunt
742 1056 760 1073 et
767 1055 822 1077 gades

64 1086 92 1099 seu
108 1082 192 1105 scopulos
204 1082 222 1099 in
234 1082 306 1104 signum
325 1083 409 1105 perpetue
428 1081 550 1100 dlstinccionis
561 1082 670 1100 locauerunt.
693 1082 822 1104 Quamquidem

63 1108 192 1130 limitscionem,
204 1109 366 1131 sequestracionem
378 1110 396 1126 et
406 1108 480 1131 gadium
491 1113 523 1126 seu
535 1109 646 1132 scopulorum
658 1109 772 1130 locacionem,
784 1113 822 1131 gra-

64 1136 97 1153 tam
109 1137 127 1153 et
138 1137 196 1154 ratam
212 1135 303 1156 habentes,
319 1136 376 1159 ipsam
389 1136 512 1159 approbamus,
528 1136 640 1154 ratificamus
652 1137 670 1154 et
681 1137 741 1154 tenore
752 1141 822 1159 presen-

64 1162 108 1180 cium
120 1163 256 1180 confirmamus:
274 1162 393 1183 decernentes,
405 1163 462 1185 ipsam
474 1162 528 1180 robur
539 1164 624 1186 perpetue
636 1163 727 1180 firmitatis
738 1163 822 1180 obtinere.

65 1189 164 1207 statuentes
176 1190 233 1207 eciam
250 1190 268 1207 et
279 1189 363 1211 volentes,
381 1191 401 1207 vt
417 1190 501 1207 limitacio
515 1189 617 1207 huiusmodi
629 1195 660 1212 per
671 1190 740 1207 nullum
751 1190 822 1213 penitus

64 1216 171 1239 inposterum
182 1216 262 1234 violetur.
286 1216 352 1234 Harum
364 1216 428 1238 quibus
443 1216 522 1239 sigillum
538 1218 598 1234 nostre
609 1217 708 1234 maiestatis
720 1218 747 1234 est
759 1221 822 1239 appen-

64 1247 100 1260 sum
113 1243 213 1261 testimonio
227 1243 323 1261 literarum
346 1244 413 1261 Actum
429 1244 446 1261 et
461 1243 523 1261 datum
535 1244 553 1261 in
564 1244 633 1266 δίωμαι
643 1244 682 1266 ipso
694 1243 723 1261 die
734 1243 822 1261 dominico

65 1269 227 1292 Rsmispalmarum,
245 1275 291 1287 anno
306 1270 378 1287 Domini
395 1270 489 1288 millesimo
507 1270 686 1293 quadnngentesimo.
709 1270 822 1288 Presentibus

64 1296 191 1314 venerabilibus
202 1297 221 1314 in
233 1296 302 1314 Christo
314 1297 399 1319 patribus,
412 1297 495 1314 dominis:
513 1297 629 1319 Dobrogostio
641 1299 702 1315 sancte
714 1297 821 1315 Gneznensis

65 1323 135 1341 ecclesie
151 1323 288 1346 archiepiscopo,
304 1323 375 1342 Nicolao
387 1323 409 1341 de
424 1324 490 1342 Kurow
502 1324 651 1345 Wladislauiensi,
666 1324 738 1342 Alberto
754 1324 776 1342 de
787 1324 821 1342 Lu-

726 1356 740 1370 1·
