1040 1506
198 93 231 110 524

200 141 243 161 „tes,
255 141 275 158 ut
286 141 360 163 patrono
372 141 431 158 nostre
443 140 517 158 ecclesie
528 140 584 158 honor
595 140 665 158 debitus
675 140 793 163 impendatur.
805 139 828 157 de
835 139 961 157 ratihabitione

198 168 227 188 „et
238 172 326 185 consensu
338 166 380 184 dicti
392 167 447 184 nostri
459 167 532 189 capituli
544 167 622 185 decimas
634 171 695 184 mense
706 167 766 185 nostre
773 167 792 184 in
800 166 847 183 villis
856 167 961 188 Wyenuewa

198 195 227 215 „et
238 194 304 215 Lawky
319 199 351 216 pro
363 193 409 211 dicto
422 194 472 211 altari
490 195 508 211 et
523 194 651 211 sustentatione
666 194 786 211 ministrorum
798 193 821 211 ad
832 193 891 216 ipsum
903 193 960 210 altare

199 221 353 242 „desei-aientium,
372 220 440 241 damus,
458 220 572 242 adiungimus
590 222 608 238 et
625 221 762 243 incorporamus,
780 220 839 242 ipsum
851 220 906 237 altare
918 224 960 237 curn

199 247 297 268 „fructibus
321 247 377 269 ipsius
399 247 510 265 vnjusrsitau
529 248 635 265 vicariorum
654 247 782 265 canonicalium
806 246 880 264 ecclesie
899 247 960 264 nostre

200 274 283 295 „unimus
295 275 313 291 et
324 274 461 296 incorporamus
485 274 590 296 Quiquidem
601 274 662 296 vicari]
681 279 713 296 per
727 274 807 296 ipsorum
826 273 923 291 confratres
942 274 960 290 et

200 301 320 321 „conulem-ios
338 301 373 318 tres
385 301 450 318 missas
469 301 544 323 singulis
556 300 666 318 ebdomadis:
685 305 739 318 vnam
751 300 773 318 de
784 301 846 317 sancto
858 299 960 319 Adalberto,

199 327 306 348 „secuudam
324 332 355 350 pro
371 327 464 344 animabus
482 329 499 344 et
511 328 581 345 tertiam
599 327 621 344 de
639 328 701 345 sancta
713 327 799 344 'I'rinitate
810 327 873 348 legere,
890 331 960 344 necnon

199 354 285 376 „singulis
297 354 484 376 Quatuortempon‘bus
497 354 637 371 anniuersarium
649 359 690 371 cum
702 354 774 376 speciali
787 353 860 371 collecta
872 354 933 371 nostra
942 354 961 370 et

199 381 288 403 „generali
299 385 331 403 pro
342 380 488 403 predecessorum
500 386 520 398 ac
532 386 655 398 successorum
672 382 773 398 nostrorum
787 380 959 403 archiepiscoporum

199 408 345 428 „Gneznensium‚
362 407 470 430 prelatorum
485 408 502 425 et
514 408 638 425 canonicorum
656 413 676 425 ac
688 408 809 425 ministrorum
827 407 873 425 dicte
885 407 961 424 ecclesie

200 434 304 455 „animabus
317 434 404 456 complere
421 434 528 456 uigiliasque
539 439 603 452 nouem
615 434 713 452 leccionum
730 435 748 451 et
759 435 833 451 missam
845 438 876 456 pro
888 433 960 451 detunc-

199 461 232 482 „tis
244 466 287 478 voce
299 465 363 478 sonora
374 466 415 478 cum
427 461 523 478 deuocione
535 461 629 478 decantare
637 462 735 482 teneantur,
747 461 811 483 quibus
819 460 910 483 obsequijs
921 465 960 483 pre-

200 488 242 508 „luti
254 488 272 505 et
284 488 363 505 canonici
378 487 425 505 dIcte
442 488 516 505 ecclesie
533 489 608 510 protunc
624 488 722 505 residentes
740 487 773 505 sub
790 492 836 510 pena
852 487 961 510 priuacionis

201 514 358 535 „distribucionum
370 514 417 531 illius
429 514 464 531 diei
479 515 565 532 interesse
577 514 657 535 debeant,
673 514 705 532 sed
722 519 753 537 per
770 514 804 531 hoc
816 514 872 531 dictos
883 514 961 531 uicarios

200 541 232 562 „ab
245 541 338 563 ordinariis
350 541 417 563 uigilijs
432 542 449 558 et
461 541 520 558 missis
533 541 661 562 detunctorum,
679 546 723 563 quas
735 541 811 563 singulis
823 540 886 558 diebus
898 540 961 558 decan-

200 570 247 588 „tare
260 573 280 585 ex
292 568 358 585 statuto
370 568 475 589 obligantur,
487 573 519 590 pro
531 568 565 585 illis
578 567 640 585 diebus
652 573 692 585 esse
703 568 786 585 nolumus
799 568 896 588 absoluto&
914 567 960 584 dcci-

199 599 259 615 „mam
270 599 312 611 uero
324 595 342 611 in
354 595 473 615 Marzeleww)
489 599 543 616 quam
555 594 615 612 Budco
626 595 709 615 vicarius,
726 595 756 617 qui
768 595 786 612 in
799 594 845 612 dicto
858 594 908 612 altari
920 599 960 611 con-

199 622 259 642 „tinue
271 621 371 638 ministrare
384 622 480 641 consueuit,
492 621 575 643 possidet,
592 622 617 639 ita
629 621 719 644 possideat
733 626 790 643 usque
803 621 825 638 ad
836 622 916 643 tempora
928 626 961 638 sue

199 648 254 668 „uite3
269 648 308 670 ipso
320 652 361 665 uero
374 647 457 665 deiuneto
469 648 492 665 ad
503 653 556 665 vsum
567 648 673 665 vicariorum
685 649 756 665 nomine
768 648 811 665 dicti
823 648 884 665 altaris
901 647 960 665 deuol-

200 675 267 695 „uatun
292 675 336 692 Item
352 676 372 692 ut
389 675 438 692 iuxta
455 675 545 697 prouincie
561 676 620 692 nostre
637 675 744 692 laudabilem
763 674 909 692 consuetudinem
928 679 960 697 pro

200 702 315 721 „excitatione
333 701 431 718 deuotionis
448 702 466 718 in
482 701 547 724 populo
566 701 670 722 Christiano,
686 703 704 719 et
720 702 741 719 ut
758 701 844 719 solemnia
856 702 874 718 et
885 701 961 718 celebria

201 728 258 748 „festa
270 728 291 745 ab
304 728 344 750 alijs
356 733 391 745 non
403 728 501 745 celebribus
517 728 649 750 distinguantur
660 729 679 745 in
690 728 761 749 diuinis,
778 733 810 750 pro
822 728 907 750 magistro
919 733 960 745 can-

201 755 260 775 „tante
272 755 290 772 et
301 755 383 777 pulsante
404 755 421 772 in
439 755 510 776 organis
527 755 600 772 ecclesie
618 756 636 772 et
653 756 800 772 sustentationem
816 755 855 772 eius
872 755 960 772 decimam

200 781 339 804 „manipularem
351 786 412 799 mense
424 782 483 799 nostre
494 782 513 798 in
524 782 566 799 villa
577 782 651 803 Lubyen
662 782 753 799 districtus
765 781 864 799 Pisdrensls
875 782 960 804 perpetuo

200 808 274 828 „damus
287 809 305 825 ct
316 809 429 830 assignamus
441 809 459 825 et
470 809 607 830 incorporamus
631 808 651 826 In
663 813 738 830 quorum
749 808 805 826 fidem
813 809 831 825 et
838 809 960 826 testimonium

200 835 337 857 „premissorum
348 836 439 857 presentes
455 836 524 852 nostras
543 836 673 852 constitutionis
691 836 708 853 et
726 835 841 853 ordinationis
857 835 917 852 literas
929 840 961 857 per

200 861 288 882 „notarios
300 861 421 884 infrascriptos
438 862 525 879 subscribi
541 863 559 879 et
573 862 664 884 publicari,
682 863 776 884 nostroque
794 863 811 879 et
828 862 871 879 dicti
888 862 960 884 capituli

200 888 266 908 „nostri
278 888 341 910 sigillis
354 888 449 905 maioribus
462 889 546 906 iussimus
563 889 672 906 communiri*
695 889 760 906 Actum
773 890 791 906 et
802 888 864 906 datum
876 889 894 906 in
906 889 960 906 eccle-

200 915 237 935 „sia
253 915 314 932 nostra
331 914 434 935 Gneznensi,
453 915 470 932 in
488 915 526 932 loco
542 915 640 938 capitulari,
658 915 686 932 dle
703 915 769 936 Martis,
787 916 873 933 vicesima
884 916 960 938 septima

200 942 277 962 „mensis
288 942 354 963 Aprilis
367 946 412 959 anno
424 942 493 960 Domini
505 942 599 959 millesimo
611 942 785 964 quadringentesimo
796 942 882 959 uicesimo
891 943 959 963 octauo,

200 968 305 988 „indictione
317 969 372 988 sexta,
384 968 498 990 pontificatus
507 969 616 986 sanctissimi
628 969 646 986 in
659 968 727 986 Christo
735 969 791 991 patris
799 970 817 986 et
825 968 892 986 domini
899 970 959 989 nostri,

200 994 278 1015 „domini
293 994 364 1012 Martini
381 995 441 1012 diuina
457 995 568 1017 prouidentia
585 1000 631 1017 pape
642 995 663 1016 V,
681 1000 726 1013 anno
738 995 837 1016 vndecimo,
855 996 897 1013 hora
909 996 959 1018 quasi

200 1022 308 1041 „ter-tiaram.
332 1021 445 1039 Presentibus
463 1023 480 1039 et
495 1022 646 1039 consentientibus
658 1022 787 1039 venerabilibus
800 1023 817 1039 et
828 1022 959 1040 honorabilibus

200 1047 295 1068 „fratribus
307 1048 380 1065 nostris:
399 1048 475 1065 Iohanne
487 1048 558 1069 decano,
576 1048 648 1066 Nicolao
660 1048 769 1066 decretorum
782 1049 857 1069 doctore,
875 1049 959 1066 archidia-

200 1079 260 1095 ‚,cono‚
272 1074 349 1092 Iohanne
362 1075 437 1095 cantore,
450 1075 521 1092 Andr-ea
532 1075 630 1095 scolastico,
642 1075 718 1093 Iohanne
731 1076 840 1096 cancellario,
855 1076 926 1093 Nicolao
938 1075 959 1093 de

200 1102 275 1121 „Gorka‚
287 1101 362 1118 Martino
377 1101 463 1124 Chrapek,
479 1101 550 1119 Albrico
562 1102 584 1119 de
595 1102 676 1123 Madlna,
693 1102 750 1119 Adam
762 1102 872 1120 decretorum
884 1102 958 1123 doctorc,

201 1128 283 1149 „Nicolao
295 1128 392 1150 Iaroczsky,
408 1128 479 1146 Nicolao
493 1128 585 1151 Bronissij,
603 1129 656 1146 Paulo
668 1129 690 1146 de
702 1129 796 1150 Ozoa-homo.
814 1129 909 1147 Benedicta
921 1130 958 1147 osii-

200 1155 255 1175 „ciali,
273 1155 350 1172 Iohanne
369 1155 467 1177 Winelsky,
485 1155 561 1173 Iohanne
579 1155 601 1173 de
618 1156 711 1176 Radziaea,
727 1156 795 1173 Mathia
811 1156 855 1174 Dria
872 1157 890 1174 et
906 1156 958 1174 Panlo

200 1181 323 1203 „Gysziczskz
340 1182 411 1204 prelatis
424 1183 441 1199 et
453 1183 542 1199 canonicis
554 1182 634 1200 eiusdem
646 1183 719 1200 ecclesie
734 1184 794 1200 nostre
806 1183 919 1204 Gneznensis.
937 1183 958 1201 ad

201 1213 274 1229 „sonum
287 1213 372 1230 campane
385 1209 504 1231 capitulariter
521 1210 638 1231 congregatis,
654 1214 723 1227 necnon
741 1209 821 1227 discretis
833 1211 876 1227 viris
888 1210 958 1228 Nicolao

202 1234 337 1257 „Czanszinsky,
348 1235 419 1253 Nioolao
426 1235 507 1258 Zemsky,
515 1236 587 1253 Nicolao
594 1236 615 1253 de
621 1237 723 1253 Iunowlodz
728 1237 800 1259 vicarijs
806 1238 824 1254 et
830 1237 880 1254 Petro
892 1238 937 1255 vice(
941 1242 958 1254 u-

201 1261 262 1282 „stode
275 1261 321 1279 dicte
331 1262 438 1279 Gneznensis
449 1262 527 1283 ecclesie,
539 1263 614 1280 testibus
623 1263 645 1280 ad
655 1263 743 1285 premissa
753 1264 821 1281 uocatis
831 1264 931 1286 specialiter
942 1265 958 1281 et

200 1289 282 1310 „rogetis
305 1288 327 1306 Et
339 1293 371 1310 ego
383 1289 463 1306 Andreas
470 1289 539 1306 Dcrslai
551 1289 572 1306 de
584 1290 671 1307 Iaczkowo
680 1290 754 1307 clericus
763 1290 870 1308 Gneznensis
879 1290 957 1311 diocesis,

200 1315 292 1338 „publicus
304 1316 407 1333 auctoritate
416 1316 502 1338 imperiali
510 1317 594 1337 notarius,
606 1316 705 1339 preiatique
712 1316 856 1334 reuerendissimi
863 1318 882 1334 in
890 1317 958 1335 Christo
