1040 1506
811 81 845 104 ⁶¹2⁹>

84 127 186 146 huiusmodi
203 127 276 154 negocio
293 127 408 150 plurimorum
424 127 565 151 iurisperitorum
583 128 661 149 consilio,
678 128 701 146 ad
716 129 795 147 nostram
806 134 845 147 sen-

84 155 162 172 tenciam
174 154 275 172 arbitralem
286 155 405 177 processimus
422 154 546 177 proferendam
561 156 579 173 et
590 155 695 178 protulimus
707 160 728 173 ac
739 156 845 179 proferimus

84 182 142 204 ipsam
153 182 172 199 ln
183 181 231 199 hunc
243 181 323 199 modum:

164 208 197 226 Per
213 208 260 226 hanc
277 209 356 226 nostram
373 208 482 226 sentenciam
501 208 607 230 arbitralem,
625 214 678 231 quam
694 209 768 227 ierimus
780 210 798 227 in
809 210 845 232 hijs

85 235 161 258 scriptis,
175 240 237 253 omnes
249 236 267 252 et
278 235 358 257 singulas
369 235 448 256 iniurias,
466 235 595 258 displicencias,
613 237 764 254 controuersiones
776 237 794 254 et
805 236 846 254 odia

83 263 130 280 inter
142 261 261 279 venerabilem
273 263 346 284 patrem,
362 261 454 279 dominum
465 261 558 280 Nicolaum
570 262 653 280 abbatem
664 262 686 280 de
698 263 763 284 Lubm,
779 263 845 281 ordinis

85 289 143 307 sancti
159 288 257 309 Benedicti,
274 288 384 311 fratrumque
391 289 414 310 (s)
431 289 487 311 ipsius
505 290 603 306 conuentus
620 294 641 306 ex
652 294 692 310 vna.
710 291 728 307 et
743 289 846 312 religiosum

85 316 158 333 tratrem
170 315 284 333 Sandkonem
298 316 408 338 prepositum
423 315 445 333 de
457 316 556 337 ahmam,
574 316 698 333 Poznaniensis
710 316 790 337 diocesis,
808 321 846 339 pro-

85 342 153 360 fessum
165 342 244 360 eiusdem
257 342 328 363 ordiniS,
347 347 454 364 suorumque
466 342 547 363 fratrum,
564 343 736 365 consanguineorum
751 344 769 361 et
782 344 846 361 emico-

85 374 125 387 rum
137 373 288 392 quorumcumque
305 369 340 387 sibi
351 369 481 390 assisteucium,
498 369 579 392 partibus
591 369 614 387 ab
626 369 685 391 altera,
702 370 794 388 occasione
806 375 846 393 cap-

86 397 161 414 tiuitatis
172 395 246 419 predicti
258 396 358 414 Sandkonis
376 397 393 413 et
409 397 475 413 carceri
492 396 601 414 detencionis
618 401 649 419 pro
661 397 761 419 penitencia
772 397 846 415 salutari

85 423 120 441 sibi
137 428 158 441 ex
169 422 266 441 tradicifflie
283 423 369 445 regularis
386 423 479 446 discipline
496 422 606 444 traditorum,
624 428 645 441 ac
660 423 753 441 culusdarn
764 425 847 447 pretense

85 451 175 468 reseruate
186 450 281 473 pensionis.
298 449 356 467 eidem
367 449 417 467 fratri
432 449 523 467 Sandkoni
538 450 556 467 in
568 450 615 467 villis
629 451 724 472 Boqozowo
735 451 753 468 et
763 451 847 468 smolicze

86 477 119 495 sub
131 477 184 494 certis
195 476 287 497 limitibus,
299 476 350 494 modo
363 477 380 494 et
392 476 452 494 ordine
464 476 553 499 deputato,
570 476 655 494 hactenus
667 477 798 499 quomodolibet
809 482 847 495 sus—

86 505 155 525 citatas,
167 504 236 521 exortas
248 504 266 521 et
277 504 358 525 agitatas.
371 503 500 525 extingwimus,
512 503 642 521 mortificamus
654 505 672 521 et
683 509 779 522 cassamus.
803 504 847 522 Item

85 531 223 550 sentenciamus,
239 530 321 550 dicimus,
332 531 481 552 pronuncciamus
493 532 511 548 et
522 530 633 551 arbitramur.
645 530 693 553 quod
704 530 783 553 prefatus
793 531 847 549 domi·

86 562 120 575 nus
135 557 219 575 Nicolaus
236 556 291 574 abbas
309 555 398 579 prefatum
417 556 490 574 tratrem
509 556 624 575 Sandkunem
640 558 715 580 paterna
731 559 848 580 prosequetur

87 585 165 604 caritate,
176 584 319 606 promocionique
331 588 363 601 sue
375 583 470 601 dummodo
483 584 588 601 canonicum
596 583 743 607 impedimentum
751 589 787 602 non
795 584 847 602 obsti-

87 611 132 631 terit,
144 610 228 628 intendet.
251 610 295 628 Item
306 610 387 631 dicimus,
399 610 536 631 sentenciamus,
547 611 696 633 pronuncciamus
710 612 728 628 et
735 611 847 631 arbitramur,

87 637 135 660 quod
142 637 254 659 vhicumque,
263 636 410 659 quandocumque
419 637 436 654 et
444 637 605 659 quocienscumque
612 637 702 660 prelatum
709 637 782 655 fratrem
792 637 847 655 Sand-

87 664 151 682 kouem
163 664 240 686 aliquem
251 668 324 681 suorum
336 664 493 686 consanguineum,
506 664 584 681 amicum
595 664 634 681 siue
646 664 765 685 adherentem,
782 664 848 682 directe

87 691 116 709 uel
127 690 217 711 indirecte,
229 690 299 713 publice
311 690 340 708 uei
352 690 409 708 oculte
421 690 507 708 aduersus
518 690 607 713 preiatum
616 691 684 713 patrem
694 691 787 708 Nicolaum
796 691 848 708 abba-

87 719 123 735 tem
135 722 168 735 seu
178 717 242 735 iratres
259 717 339 735 eiusdem
351 718 449 735 conuentus
461 718 553 735 occasione
570 718 698 740 cuiuscumque
714 718 739 735 rei
750 718 848 740 spiritualis

88 745 119 762 aut
129 744 215 762 secularis
227 744 304 762 excitare
315 749 347 761 seu
359 745 420 762 contra
431 745 499 762 statum
511 745 542 762 aut
553 744 638 762 lesionem
653 745 711 762 status
722 744 761 762 siue
774 749 848 767 persone

87 771 167 789 eiusdem
184 772 215 788 aut
227 771 302 788 fratrum
319 775 351 788 seu
363 771 469 788 seruiturum
487 775 559 788 suorum
576 772 607 789 aut
619 771 654 789 sibi
665 776 697 789 seu
709 771 752 794 ipsis
764 771 849 789 adheren-

87 799 135 816 cium
146 799 196 819 nutu,
213 797 265 818 iacto,
280 797 334 815 uerbo
346 797 375 815 uel
386 802 424 820 ope,
437 797 509 815 consilio
521 797 550 815 vel
562 798 626 815 auxilio
637 802 733 820 suggerere
745 798 848 819 constiterit,

87 826 152 843 extunc
162 824 211 842 idem
222 824 294 842 Sandko
306 829 327 842 eo
338 824 377 847 ipso
389 824 482 847 beneficiis
494 825 512 842 et
523 825 584 846 gracia
595 825 633 842 suis
645 825 669 842 sit
676 825 756 847 priuatus
768 826 786 842 et
793 824 849 842 nichi-

87 851 164 869 lominus
175 851 258 869 inhabilis
276 851 299 869 nd
310 852 396 874 perpetua
411 851 499 869 beneficia
516 851 636 869 ecclesiastica
653 851 748 869 obtinenda
765 851 849 869 reddatur

89 878 161 899 tamdiu,
173 882 265 900 quousque
277 878 339 895 sancta
350 877 406 895 Sedes
418 878 514 900 apostolica
525 878 547 895 de
559 877 643 900 remediis
652 878 743 900 oportunis
753 878 788 896 sibi
797 878 849 896 duxe-

87 905 111 923 rit
121 904 254 923 consulendum.
277 904 322 922 Ivem
334 904 415 925 dicimus,
432 905 569 925 sentenciamus,
586 905 736 927 pronuncciamus
748 906 766 922 et
777 904 850 923 arbitra-

88 937 132 953 mur,
144 931 191 954 quod
202 931 283 954 prefatus
295 932 346 960 pater
356 931 440 949 Nicolnus
452 931 507 949 abbas
525 932 543 949 et
559 931 624 949 tratres
642 932 670 949 sui
688 933 786 949 conuentus
798 931 849 949 Lubi-

87 959 148 976 nensis
160 958 235 980 singuiis
247 958 305 979 annis,
321 957 421 981 incipiendo
433 958 455 976 eb
467 963 513 976 auno
524 958 597 976 Domini
608 958 702 976 millesimo
714 958 849 980 quadringente-
886 956 888 958 '

88 986 132 1003 simo
144 985 233 1003 tricesimo
245 985 308 1008 primo,
320 985 338 1002 in
350 984 396 1002 (esto
408 985 465 1002 sancti
474 984 545 1002 Andree
557 984 631 1007 apostoli
640 985 734 1003 cuiuslibet
742 986 784 1002 anni
792 984 850 1003 eidem

88 1011 138 1030 fratri
149 1011 241 1030 Sandkoni
257 1016 289 1029 seu
305 1011 328 1029 ab
345 1012 383 1034 ipso
395 1011 448 1029 adid
459 1012 567 1034 potestatam
583 1011 661 1033 habenti,
678 1016 709 1034 pro
724 1011 849 1035 supportandis

88 1038 187 1056 debitorum
204 1043 277 1056 suorum
295 1043 316 1056 ac
328 1038 403 1056 aliarum
420 1039 547 1056 necessitatum
563 1038 651 1059 oneribus,
668 1038 710 1056 dare
722 1039 740 1056 et
750 1038 820 1056 soluere
831 1039 849 1056 in

88 1066 176 1083 conuentu
188 1064 285 1083 Lubinensi
296 1065 315 1083 in
326 1065 394 1087 paratis
406 1066 424 1082 et
435 1065 533 1083 numeratis
544 1065 626 1088 pecunijs
638 1065 726 1083 tenebitur
737 1070 769 1082 sex
780 1070 850 1083 marcas

88 1096 195 1114 grossorum,
212 1092 283 1109 numeri
295 1092 313 1109 et
324 1092 394 1109 monete
405 1091 515 1112 Polonicalis,
532 1093 570 1109 tam
584 1091 620 1113 diu,
638 1096 730 1114 quousque
742 1091 791 1109 aliud
801 1092 851 1115 ping-

89 1119 133 1137 wius
145 1118 252 1137 beneficium
264 1118 365 1136 conscionis
377 1123 409 1136 sue
421 1123 442 1136 ac
453 1118 530 1137 fratrum
544 1123 617 1136 sumtum
632 1118 751 1141 predIctorum
762 1123 795 1142 per
806 1123 850 1136 mor·

88 1146 125 1163 tem
136 1146 264 1168 cuiuscumque
281 1146 313 1163 aut
329 1150 459 1168 quemcumque
470 1146 582 1163 vaccacionis
594 1145 666 1163 modum
677 1146 799 1166 vaccaturum,
816 1145 850 1163 sibi

88 1172 206 1190 effectualiter
218 1172 287 1190 duxerit
299 1172 433 1193 acumen-ium
444 1177 479 1195 quo
491 1172 589 1190 efficaciter
601 1172 664 1190 collato
675 1171 756 1195 preiatus
767 1171 850 1190 dommus

88 1199 171 1217 Nicolaus
183 1199 238 1217 abbas
250 1204 262 1216 a
273 1199 363 1217 solucione
379 1204 410 1217 sex
427 1204 527 1217 marcarum
544 1198 663 1222 predictarum
678 1199 702 1216 sit
713 1200 818 1217 exoneratus
830 1203 850 1216 eo

88 1226 132 1248 ipso.
155 1226 199 1244 Item
216 1226 358 1244 reeeruacionem
374 1225 464 1244 fertonum
481 1225 539 1243 eidem
555 1225 607 1243 fratri
623 1225 714 1243 Sandkoni
731 1226 757 1243 in*
768 1226 787 1243 et
798 1230 852 1248 super

88 1252 136 1270 villis
146 1253 242 1275 Roaozowo
254 1253 272 1270 et
282 1253 366 1270 Smolicse
381 1252 466 1275 predIctis
482 1252 588 1273 anullemus,
603 1252 711 1270 muamus
726 1253 744 1270 et
759 1257 851 1270 cassamus

89 1284 110 1297 ec
121 1279 141 1297 in
152 1279 238 1297 nichilum
249 1279 352 1301 redigimus.
375 1279 419 1297 Item
437 1279 519 1300 dicimus,
536 1279 673 1300 sentenciamus,
690 1278 791 1300 laudamus,
807 1278 852 1296 arbi-

88 1306 157 1324 tramur
168 1307 186 1324 et
200 1306 349 1329 pronuncciamus
366 1306 426 1324 omnia
443 1307 461 1324 et
477 1306 549 1328 singule
565 1305 587 1323 de
604 1305 703 1324 tertonibus
719 1305 803 1328 predicti·
820 1310 852 1328 per

751 1336 769 1350 eo
