1040 1506
828 80 860 105 aeia

100 130 176 154 eeclesia
187 134 269 153 exhibere
280 137 416 156 consueuerant,
431 137 502 159 propter
516 135 563 158 quod
574 134 724 159 scrupulositates.
739 136 776 154 rixe
788 137 806 154 et
821 136 861 155 odia

99 163 145 181 inter
156 162 220 180 iratres
232 164 250 180 et
261 162 341 181 eiusdem
353 163 430 185 corporis
442 162 522 180 membra
532 163 593 185 sepius
605 163 720 183 concitantur,
737 164 776 181 iura
787 164 861 181 ecclesie

99 188 193 208 indeienss
201 189 329 212 relinquuntur,
341 190 359 207 et
370 189 447 210 cottidie,
459 190 511 212 prout
522 189 565 207 iacti
575 189 667 207 euidenoia
675 190 739 211 docuit,
751 191 860 211 minuuntur,

100 216 209 239 ecclesiaque
221 217 259 234 suis
271 216 372 234 destituitur
388 217 468 239 personis
485 217 502 234 et
513 217 607 237 ministr-iffi
623 221 664 234 cum
675 217 735 234 autern
747 221 814 238 omues.
831 218 861 239 qui

100 243 118 261 in
129 247 166 261 vna
176 242 252 261 ecclesia
262 244 293 260 vni
304 243 375 261 domino
391 243 505 264 (emulantur,
521 243 579 265 equali
593 243 672 265 gaudere
687 243 762 261 debeant
773 243 861 267 stipendio

100 270 193 293 porcionis,
209 271 227 288 et
241 270 280 287 ideo
295 270 360 292 prefati
375 269 442 288 domini
458 270 520 288 Petrus
534 270 612 288 decanus
627 275 696 288 necnon
707 270 770 293 prelati
781 272 799 288 et
811 275 861 288 cano·

100 297 135 315 uici
146 296 260 319 inlrasoripti,
272 297 351 319 ipsorum
358 297 451 319 tociusque
458 297 531 319 capituli
539 296 663 315 Poznaniensis
672 297 778 318 nominibus,
791 298 861 320 cupien-

100 325 127 342 tes
143 324 191 341 circa
206 324 295 347 premissa
312 323 406 341 salubriter
419 323 517 346 prouidere,
535 324 618 346 equitatis
630 325 648 341 et
659 324 760 346 equalitatis
771 324 861 342 tramitem

100 350 233 374 amplectentes,
244 355 276 373 per
288 350 336 373 quod
347 351 365 368 et
376 355 492 373 personarum
504 351 598 372 egencium
609 351 668 373 inopie
679 350 786 372 consulatur,
799 352 817 369 et
824 356 861 374 per-

100 383 143 396 sone
154 378 211 400 ipsius
223 378 297 395 ecclesie
314 377 337 395 ad
355 377 472 395 residenciam
489 378 587 395 inuitentur
604 379 622 395 et
640 378 754 396 imminencia
765 378 861 396 cottidiana

100 409 154 423 onera
171 404 245 423 ecclesie
262 409 294 427 per
311 404 371 427 plures
386 409 471 427 personas
488 404 559 422 iaciiius
576 405 702 427 supportentur
717 406 735 422 et
752 405 791 423 iura
804 405 861 428 ipsius

101 431 175 450 ecclesie
191 436 223 455 per
239 431 363 449 canonicorum
380 432 496 454 presenciam,
513 433 579 453 quanto
591 432 615 449 sit
626 432 682 449 maior
698 436 759 449 eorum
770 436 860 453 numerus,

102 459 235 476 censer-uantur:
247 458 270 476 ad
281 458 366 476 honorem
377 458 416 479 Dei,
428 458 486 476 cultus
494 458 551 476 diuini
559 459 680 481 augmentum,
692 458 773 476 decorem
782 459 861 479 ecclesie,

102 485 168 503 bonum
178 486 246 503 statum
258 486 276 502 et
287 485 387 508 profectum
398 489 513 508 personarum
530 485 576 502 dicte
592 485 666 503 ecclesie
681 485 811 506 Pomanieusis,
826 490 861 503 ere

101 512 138 530 bris
154 512 224 530 vicibus
241 516 295 534 super
310 511 346 534 hijs
364 513 433 529 maturo
450 512 591 534 iurisperitorum
608 512 737 530 communicato
756 513 774 530 et
793 512 862 534 digesto

101 539 179 560 consilio,
196 538 277 561 diligenti
293 538 421 556 deliberac10ne
432 539 479 556 intei-
493 544 513 556 se
525 538 622 562 prehabita,
637 539 744 556 vnanimiter
759 540 778 556 et
793 544 862 557 coneor-

102 566 148 584 diter
158 566 179 584 ut
190 565 288 588 capitulum
300 566 318 583 et
328 566 420 588 tamquam
432 565 530 588 capitulum
546 565 568 583 de
580 570 662 588 expresso
673 570 760 583 consensu
772 567 790 583 et
801 566 862 584 uolun-

102 594 139 611 tate
149 592 224 615 predicti
236 592 303 610 domini
314 592 382 610 Nicolai
389 592 450 615 vicarii
463 593 482 610 et
493 592 531 615 ipse
539 591 621 610 dominus
632 592 715 610 Nicolaus
724 593 801 610 vicarius
809 593 863 611 simul

102 624 144 637 cum
160 619 186 637 eis
202 620 303 637 statuerunt
320 620 338 636 et
355 618 486 640 ordinauerunt,
503 619 550 641 quod
568 620 626 637 stante
638 619 709 640 illibato.
726 620 795 642 integro
811 621 830 637 et
844 620 862 638 in

103 646 151 664 nullo
162 646 248 664 diminuto
261 650 333 663 numero
346 645 457 668 dignitatum,
473 647 600 669 personatuum
614 647 632 664 et
643 646 772 669 prebendarum
783 646 863 665 eiusdem

103 673 181 694 ecclesie,
193 673 224 695 qui
235 672 270 691 fuit
281 672 303 690 ab
315 673 387 695 antiquo
399 673 417 690 et
428 672 451 690 de
462 673 540 695 presenti
553 673 617 693 existit,
629 672 709 690 decetero
719 672 822 691 cedentibus
833 673 862 691 uel

103 700 228 718 decedentibus
240 699 329 717 modernis
341 699 413 722 prelatis
429 700 447 717 et
463 700 553 717 canonicis
570 700 626 722 ipsius
642 699 716 717 ecclesie
733 699 863 721 Poznaniensis,

103 727 177 748 iruc‘tus,
188 726 268 744 redditus
280 728 298 744 et
309 727 411 749 prouentus,
423 726 497 747 decime,
508 727 548 744 iura
559 727 577 744 et
588 726 705 744 obueneiones
713 727 795 744 vniuerse
807 727 863 750 digni-

103 755 165 775 tatum,
177 754 304 777 personatuum
315 754 334 771 et
344 753 473 776 prebendam
485 754 570 774 omnium,
581 755 602 771 ut
612 753 705 776 prefertur,
719 753 823 772 cedencium
834 754 863 772 uel

103 780 234 801 deeedencium,
253 780 358 803 proueniant
375 781 393 798 et
404 780 500 798 obueniaut
517 781 570 803 atque
587 780 651 798 cedant
666 781 684 798 in
696 785 794 802 commune,
812 782 830 799 et
841 780 863 799 de

104 808 148 830 ipsis
159 807 262 828 redditibus,
277 806 364 825 fructibus
380 808 398 825 et
408 807 524 830 prouentibns
541 812 562 825 ac
573 808 652 830 ipserum
663 808 775 830 possessione
786 807 863 830 quando-

104 839 180 857 cumque
191 835 209 852 et
220 834 377 857 qualitercumque,
389 835 409 851 ut
420 833 513 857 prefertur,
525 834 584 856 aliqua
594 833 702 856 dignitatum
709 835 727 852 et
734 834 863 857 prebendarum

104 862 194 879 vacauerit
210 866 267 883 usque
284 860 307 878 ad
323 860 405 878 ultimam
422 860 527 883 dignitatem
544 860 573 879 uel
588 860 696 883 prebendam
713 862 769 884 ipsius
784 861 863 882 ecclesie,

104 889 225 911 procuratores
237 888 315 911 capituli,
331 888 362 910 qui
373 892 405 910 pro
419 889 498 910 tempore
509 887 580 909 luerint,
596 893 615 905 se
627 888 743 906 intromittere
759 887 835 906 debeant
846 889 864 906 et

104 915 176 933 nomine
187 914 260 937 capituli
271 914 366 937 possidere.
389 914 420 935 Ita,
436 914 483 937 quod
498 914 581 937 deniceps
593 915 700 937 quicumque
711 916 751 937 post
762 915 864 933 huiusmodi

105 943 191 960 statutum
209 942 227 959 et
238 941 384 959 constitucionem
401 941 425 959 ad
435 941 536 964 dignitates,
552 943 657 964 personatus
674 941 703 959 uei
720 942 835 960 canonicatus
847 943 865 960 et

104 968 203 992 prebendas
214 968 282 986 fuerint
292 969 374 989 instituti,
385 968 475 990 gaudeant
488 969 573 991 pensione
587 968 701 991 infrascripta
715 969 733 986 et
744 968 767 986 de
778 969 817 991 ipsa
828 969 865 986 sint

105 996 183 1013 contenti
200 1000 233 1013 nec
249 995 290 1018 plus
306 996 365 1018 petere
382 995 451 1018 possint
468 996 532 1017 queuis
548 996 623 1016 racione,
639 995 710 1017 iugenio
728 996 746 1013 et
757 995 819 1013 colore.
842 995 864 1013 Et

105 1023 161 1045 primo
179 1022 261 1040 dominus
278 1023 383 1045 prepositus.
401 1022 431 1044 qui
446 1022 502 1040 maior
513 1022 600 1044 dignitate
611 1023 652 1045 poet
662 1022 783 1045 pontificalem
795 1022 814 1040 in
825 1022 864 1045 ipea

105 1049 180 1067 ecclesia
191 1049 256 1070 existit,
267 1049 331 1071 viginti
343 1053 412 1066 marcas
424 1048 533 1071 dumptnxat,
545 1049 574 1071 aiij
587 1054 629 1066 vero
640 1049 703 1071 prelati
711 1049 723 1066 ii
757 1050 796 1066 ntes
808 1048 864 1071 digni-

106 1077 151 1094 tates
162 1075 191 1094 uel
203 1076 308 1099 personatus
319 1075 399 1093 eiusdem
411 1075 485 1093 ecclesie
496 1076 514 1093 et
525 1076 544 1093 in
555 1076 595 1098 ipsa
606 1075 681 1093 eeclesia
692 1076 725 1093 inti
752 1076 781 1096 ati,
798 1075 865 1098 quilbet

106 1104 184 1126 ipsorum
201 1102 279 1120 sedecim
296 1107 373 1123 marcas;
390 1103 470 1120 canonici
487 1107 529 1120 vero
546 1102 648 1125 prebendati
665 1103 684 1120 et
701 1102 775 1125 quilibet
785 1103 864 1125 ipsorum

106 1130 199 1148 duodecim
215 1134 284 1147 marcas
300 1130 370 1147 monete
386 1128 486 1150 Bohemjce,
504 1130 575 1147 numeri
591 1129 673 1150 Polenici,
691 1129 809 1152 quadraginta
825 1130 864 1147 octo

106 1161 177 1179 grossos
188 1161 220 1179 pro
232 1161 293 1174 marea
304 1156 427 1179 computando,
440 1161 471 1174 seu
483 1156 521 1174 loco
533 1161 635 1178 grossorum
642 1156 782 1174 Bohemicaliurn
794 1157 865 1179 equina·

105 1184 144 1202 lens
155 1184 174 1201 in
186 1184 257 1201 moneta
269 1184 346 1201 currenti
362 1183 381 1200 in
396 1188 450 1205 regno
461 1183 532 1201 Polonie
548 1188 579 1206 pro
591 1184 670 1206 tempore
686 1188 717 1206 pro
734 1183 836 1206 corporibus
847 1185 865 1201 et

105 1210 166 1229 tundis
173 1210 286 1233 dignitatum,
297 1211 424 1233 personatuum
431 1210 449 1227 et
456 1209 586 1232 prebendarum
594 1209 671 1228 habeant
682 1211 700 1227 et
711 1210 813 1233 percipiant,
825 1214 864 1228 nec·

107 1242 142 1255 non
153 1237 227 1260 quilibet
238 1238 317 1260 ipsorum
328 1241 360 1260 pro
372 1241 443 1259 corpore
455 1237 473 1254 et
484 1236 539 1254 iundo
554 1236 619 1254 habeat
630 1238 648 1254 et
659 1237 745 1259 percipiat
759 1237 807 1254 omni
819 1242 865 1255 anno

106 1264 125 1282 iu
136 1263 182 1282 festo
193 1260 327 1282 Purificacion‘is
338 1265 400 1281 sancte
414 1263 469 1281 Maris
480 1263 554 1285 virginis
566 1268 577 1280 a
588 1263 729 1286 procuratoribus
741 1263 819 1286 capituli,
835 1264 865 1286 qui

107 1295 138 1314 pro
149 1292 228 1313 tempore
239 1290 306 1308 luerint
317 1290 397 1313 deputati
408 1291 426 1308 et
437 1290 494 1311 electi,
506 1291 524 1308 et
535 1290 569 1308 hoc
580 1290 618 1307 siue
630 1290 694 1313 prefati
705 1290 768 1313 prelati
785 1291 803 1308 et
814 1295 865 1308 cano-

107 1318 143 1336 uici
153 1317 251 1336 residentes
262 1317 332 1335 luerint·
344 1317 383 1335 siue
399 1317 481 1335 absentes
494 1316 520 1334 <ab
533 1316 608 1335 ecclesis
625 1321 646 1334 ex
664 1317 727 1339 quauis
745 1322 799 1335 causa
812 1317 865 1336 iustu.
