1040 1506
172 81 204 98 172

172 130 209 147 165.
233 130 282 147 1410.
294 129 323 147 die
335 130 361 147 21.
374 130 441 147 mensis
452 130 535 152 Augusti,
547 131 566 148 in
577 130 650 148 F'redek.

251 183 354 206 Designatio
366 188 426 201 rerum
437 184 555 206 pretiosarum
566 189 578 201 s
589 183 683 202 Wilhelmo
699 184 721 202 de
732 184 834 206 Rosenberg
845 184 934 206 quondam

173 210 315 231 commendatore
326 211 345 228 in
357 210 455 233 Strasberg,
467 211 564 228 W'ladislao
576 211 595 228 Π.
607 211 645 233 regi
656 211 737 229 Poloniae
748 210 858 229 traditarum.

252 265 271 283 In
283 266 354 283 nomine
365 265 437 282 Domini
449 269 506 282 amen.
530 264 566 282 Sub
578 269 624 282 anno
636 264 738 282 Natiuitatis
750 264 830 282 eiusdem
841 264 934 282 millesImo

171 291 345 314 quadringentesimo
357 291 431 312 decimo,
446 291 544 309 indiccione
558 292 617 312 tercie,
633 291 662 309 die
674 291 767 312 dominico,
781 292 867 309 vicesima.
877 292 935 314 prima

172 319 237 336 mensis
256 319 338 341 Augusti,
356 318 399 336 hora
413 323 528 341 vesperorum
544 318 573 336 vel
589 319 645 340 qussi,
661 318 776 341 pontificatus
793 318 901 335 sanctissimi
916 318 935 335 in

171 345 240 363 Christo
252 346 307 368 patris
319 346 337 363 et
349 345 415 363 domini
430 345 491 365 nostri,
507 345 574 363 domini
588 345 671 363 Iohannis
686 344 747 362 diuina
761 345 875 368 prouideucia
889 350 935 367 pape

171 372 252 390 vicesimi
264 373 319 395 terciJ,
332 377 377 390 anno
390 372 446 395 ipsius
457 372 519 395 primo,
532 372 550 389 in
562 372 635 389 comodo
649 372 758 390 testidunath
773 371 875 389 immediate
889 372 936 389 circu

173 399 286 417 refectorium
299 400 352 417 castri
370 399 476 422 episcopalis
493 399 562 419 Frodek,
581 399 599 416 in
616 399 651 416 inei
668 399 731 421 notarij
750 398 817 421 publici
828 399 936 421 testiumque

172 426 325 448 infrascriptarum
337 426 359 443 ad
371 426 405 443 hoc
416 426 516 448 speclaliter
530 427 632 443 vocaturum
644 427 662 443 et
672 426 774 448 rogatorum
786 426 882 448 presencia,
898 430 935 448 per-

172 453 255 470 sonaliter
266 453 373 470 constitutus
390 452 495 470 venerabilis
510 453 528 470 et
543 452 636 474 religiosus
647 453 679 473 vir.
698 452 780 470 dominus
792 452 898 470 Wilhelmus
913 452 936 470 de

172 479 278 501 Rosenberg,
295 479 384 502 quondam
401 479 533 497 commendator
549 480 567 496 in
583 479 681 501 Strssberg,
697 479 796 497 Culmensis
814 479 899 501 dyocesis,
917 479 936 496 in

171 506 263 529 presencia
276 506 368 524 reuerendi
386 507 404 523 in
416 506 485 524 Christo
501 507 557 529 patris
569 507 587 523 et
602 506 674 526 domini,
692 506 758 523 domini
772 505 846 523 Arnoldi
858 506 935 528 episcopi

172 532 271 550 Culmensis
287 534 305 550 et
320 532 427 550 honorabilis
445 534 463 550 et
477 533 557 550 strennui
571 533 633 550 militis
650 532 717 550 domini
728 533 803 555 Ianusslj
817 532 839 550 de
850 533 935 553 Kretkmz

172 560 241 582 aperuit
255 560 344 582 quendam
359 560 428 581 cistam,
446 560 507 577 terreis
522 560 618 577 luminibus
633 559 761 577 circumdatam
776 560 794 577 et
808 559 865 577 tribus
880 559 935 577 clauis

172 586 248 609 desuper
260 587 386 607 conclauatain,
402 592 456 609 quarn
472 592 512 604 curn
529 587 632 609 aperuisset,
649 592 670 604 ex
685 591 706 604 ea
721 587 787 609 recepit
798 587 816 604 et
828 586 907 604 exhibuit
918 587 936 604 et

172 614 234 636 postea
245 614 263 631 in
275 613 350 631 eandem
362 614 426 631 cistam
438 613 524 631 reintrudi
535 613 578 631 tecit
589 614 674 635 argentea
684 613 789 636 sollempnia
796 613 872 631 clinodis
883 613 936 631 infra·

172 641 238 663 scripta
250 645 291 658 cum
303 640 382 663 reliquijs
394 641 496 658 sanctorm
508 640 613 657 interclusis.
637 640 695 658 Primo
703 645 757 658 vnarn
769 645 853 662 maguam
865 645 936 657 crucem

172 668 280 689 argenteam,
292 667 368 690 desuper
379 667 482 684 deauratam
495 668 512 684 et
523 667 612 689 lapidibus
619 667 704 690 preciosis
712 668 798 687 ornatam,
810 672 851 684 curn
863 666 936 684 notabili

171 693 216 716 pede
232 695 323 716 urgentem
338 694 381 711 item
396 698 451 711 vnam
466 694 603 711 mnnstranciam
620 695 730 716 argenteam3
745 694 788 711 item
800 698 854 711 vnam
871 693 935 711 medio·

172 725 221 738 cram
232 721 376 741 monstranciam,
389 725 423 743 que
435 721 487 738 ambe
498 721 617 738 monstrancie
629 720 708 743 pulchris
720 717 936 743 disposicionibus‘sculp-

172 748 216 765 turis
228 747 300 765 fuerunt
314 747 402 765 adornate.
426 747 470 765 Item
481 752 536 765 vnam
545 752 629 770 magnam
636 747 715 765 tabulam
724 752 764 765 curn
771 747 856 770 reliquiis,
868 747 936 765 hebens

173 779 184 792 a
201 775 277 792 sinistris
293 776 310 792 et
326 774 392 792 dextris
409 774 479 792 tabula-s
496 775 551 797 variis
566 774 645 797 reliquiis
661 774 747 797 impletas*
771 774 815 792 Item
830 774 936 792 mediocrem

172 801 251 819 tabulam
264 802 366 823 argenteam
378 801 445 819 habeus
463 801 579 819 consimiliter
595 801 665 819 tabulas
677 806 687 818 a
699 801 764 819 dextris
776 802 795 819 et
805 802 882 819 sinistris
898 801 936 819 reli-

172 829 219 851 qniis
231 828 318 850 impletas.
341 828 385 845 Item
397 833 451 846 vnam
462 833 537 851 paruam
549 828 627 845 tabulam
636 829 738 850 argenteam
748 828 828 851 reliquiis
839 828 935 851 impletam.

172 855 216 872 Item
227 859 283 872 vnum
294 855 394 877 preciosum
405 855 459 872 altare
467 855 549 877 portatile
557 856 661 877 argentumn
670 856 687 872 et
696 855 805 872 deauratum.
829 855 873 873 Item
880 860 936 872 vnum

173 886 258 903 magnum
273 881 345 899 caficem
361 886 402 899 cum
414 882 483 904 patena.
507 881 543 899 Hec
558 882 618 899 omnia
633 882 720 904 premissa
736 881 818 899 dominus
830 881 936 899 wilhelmus

172 908 262 931 predictus
274 908 295 925 de
310 909 354 926 cista
365 908 445 931 predicta
460 908 539 926 exhibuit
554 910 572 926 et
584 908 662 929 comodo,
678 914 712 930 quo
727 913 767 926 eam
781 909 849 926 inuenit
860 909 878 926 et
889 908 936 926 exhi-

172 935 215 956 buit,
228 935 253 953 sic
266 935 360 956 asserebat,
372 940 392 953 se
404 935 426 953 de
438 936 495 953 castro
508 935 601 958 Strasberg
613 935 635 953 ad
647 937 725 953 castrum
737 935 806 953 Fredek
813 935 936 953 'transmisisse

173 964 191 979 et
201 962 252 979 illesa
263 963 302 979 sine
313 962 433 980 diminucione
445 962 550 980 exhibuisse.
573 962 618 980 Item
633 962 723 985 predictus
736 962 818 980 dominus
829 962 935 980 wilhelmus

173 988 262 1011 quondam
278 989 411 1006 commendatur
428 989 446 1006 in
463 989 557 1011 Strasberg
574 989 653 1007 exhibuit
670 989 715 1007 duas
733 994 799 1012 cappas
816 989 895 1007 chorales
914 989 936 1007 de

172 1017 257 1035 summam
274 1016 316 1033 item
332 1015 411 1033 exhibuit
426 1020 481 1033 vnum
498 1017 579 1033 umatum
591 1016 665 1033 ecclesie
682 1016 771 1038 integrum
789 1021 830 1033 cum
848 1016 936 1038 argenteis

173 1042 259 1065 clinodijs,
272 1042 339 1060 scilicet
350 1047 404 1060 vnum
417 1042 496 1060 casulam
507 1042 585 1060 flaueam
597 1043 615 1060 et
626 1047 701 1065 cappam
709 1042 797 1060 choralem
807 1042 861 1060 ssauei
873 1043 936 1060 coloris

173 1069 261 1091 argenteis
273 1068 354 1091 clinodijs
366 1070 443 1090 ornatas,
455 1070 473 1086 et
485 1069 529 1086 duas
542 1070 610 1087 tunicas
623 1069 727 1087 dalmaticas
739 1070 777 1087 sine
789 1069 870 1092 clinodijs
882 1069 936 1087 flauei

173 1096 241 1116 coloris,
253 1101 297 1118 quas
310 1096 394 1116 casulam,
411 1101 486 1119 cappam
502 1097 519 1113 et
535 1096 639 1114 dalmaticas
651 1096 737 1114 duntaxat
752 1096 841 1119 predictus
853 1096 936 1114 dominus

173 1122 279 1140 Wilhelmus
297 1123 373 1140 asseruit
388 1124 406 1140 et
420 1123 528 1145 recognouit,
546 1123 642 1141 reum-endo
653 1123 672 1141 in
684 1117 753 1141 christo
770 1124 820 1146 patre
832 1128 853 1141 ac
864 1123 935 1141 domino

173 1149 250 1167 Amoldo
262 1150 344 1172 episcopo
359 1149 449 1167 Oulmensi
461 1150 495 1168 sibi
507 1151 525 1167 et
541 1150 615 1167 ecclesie
630 1155 663 1168 sue
674 1151 693 1167 iu
704 1150 751 1168 bona
767 1150 804 1168 fide
816 1155 849 1168 sua
860 1150 935 1168 donasse

173 1177 191 1193 ct
203 1176 273 1193 dedisse
284 1177 327 1194 tunc
339 1177 429 1199 temporis,
441 1176 511 1199 quando
524 1178 601 1194 castrum
610 1177 703 1199 Strosberg
714 1177 789 1194 rexisset
796 1178 814 1194 ct
821 1176 935 1200 possedisset.

173 1203 217 1220 Item
229 1203 287 1220 dictus
299 1202 381 1221 dominus
394 1203 499 1221 wilhelmus
511 1203 582 1226 publicc
597 1204 687 1221 consensit
702 1204 719 1221 et
734 1204 750 1221 ci
761 1204 833 1226 placuit,
845 1205 865 1221 vt
876 1204 936 1221 omnis

173 1229 275 1252 supradicta
295 1230 408 1247 serenissimo
423 1231 441 1247 et
456 1230 552 1252 magnifico
571 1231 646 1253 principi
662 1231 680 1248 et
694 1230 770 1251 domino,
786 1230 883 1248 Wladislao
897 1231 936 1253 regi

173 1256 243 1274 Polonie
255 1261 287 1279 per
297 1256 397 1279 predictum
409 1256 500 1274 dominum
508 1257 611 1280 episcopum
619 1257 731 1275 culmensem
740 1257 785 1275 tradi
793 1258 853 1280 posset
864 1258 936 1275 nomine

173 1284 201 1300 sui
213 1285 231 1301 et
242 1283 308 1301 ordinis
320 1284 353 1301 sul,
376 1283 403 1301 De
415 1285 432 1301 et
444 1289 497 1306 super
508 1284 572 1306 quibus
585 1284 666 1301 omnibus
678 1285 696 1301 et
707 1284 782 1306 singulis
796 1284 935 1302 exhibicionibus

173 1310 291 1336 predictorum
303 1312 321 1328 et
332 1311 454 1332 recognicione
467 1310 574 1329 reuerendus
589 1311 608 1328 in
623 1311 692 1329 Christo
707 1312 761 1337 pater.
777 1310 859 1331 dominus
873 1311 935 1330 Amol-
