1040 1506
197 82 229 98 518

197 130 259 148 datum
271 131 386 153 susciperent,
404 130 541 148 mansionariam
560 135 591 152 per
608 129 684 147 eundem
701 129 843 152 predecessorem
858 129 957 147 ordinalem

197 156 316 178 confirmauit,
328 161 350 174 ac
361 156 439 174 decimas
451 156 476 174 illi
488 161 519 179 pro
531 156 572 174 dote
584 157 689 178 assignatas,
701 157 719 174 in
729 157 858 174 sustentatione
870 157 957 174 ministro-

197 188 237 201 rum
253 183 333 201 eiusdem
350 183 423 201 donauit
439 184 457 200 et
472 183 596 206 incorporauit,
615 188 637 201 ae
653 183 700 205 quod
711 182 733 200 de
744 183 832 201 fructibus
847 183 956 201 decimarum

197 210 299 229 huiusmodi
310 210 372 227 decem
385 210 498 233 mansionarii
511 211 529 227 et
540 210 622 230 ministri,
634 209 657 227 ad
668 210 732 227 nutum
743 209 820 232 ponendi
831 211 850 227 et
857 210 957 231 amonendi,

197 237 282 259 perpetuo
298 237 445 257 sustentarentur,
463 241 484 254 ac
500 236 569 254 tructus
586 236 661 259 predicti
677 237 723 254 inter
740 241 770 254 eos
785 236 819 254 sub
835 237 887 254 certis
899 236 957 254 modis

197 264 215 280 et
226 263 288 281 formis
300 263 392 286 equalibus
404 263 513 286 portionibus
525 263 672 284 ministrarentur,
688 268 756 281 necnon
768 264 815 281 cirea
826 264 957 286 perceptionem

197 290 306 308 decimarum
318 290 409 308 uenalium
420 295 451 313 per
463 290 604 313 archiepiscopos
617 289 733 311 Gneznenses,
749 295 780 313 pro
792 291 871 313 tempore
882 291 957 308 existen-

197 318 229 337 tes,
241 321 263 334 ac
274 317 352 334 ciuitatis
364 317 472 335 Gneznensis
484 318 502 334 et
513 316 592 334 eiusdem
604 316 679 334 diocesis
694 317 747 339 atque
759 316 803 334 alias
814 321 899 339 personas
910 317 958 334 infra

197 343 264 361 dictam
275 343 360 361 diocesim
372 344 425 366 atque
436 343 471 361 alia
482 344 570 367 premissa
581 343 666 361 nonnulla
677 343 755 361 salubria
766 344 829 361 statult
840 344 858 361 et
869 343 958 361 ordinauit

197 375 218 388 ac
229 370 269 388 fieri
280 370 337 388 uoluit
353 371 371 388 et
387 370 484 392 mandauit,
500 371 552 393 prout
569 371 587 388 in
602 371 719 388 instrumento
731 370 801 393 publico
818 370 860 388 inde
871 370 958 391 conlecto,

197 397 265 415 Alberti
283 397 410 420 archiepiscopi
427 398 446 415 et
462 397 536 420 capituli
552 394 784 420 predictorum'maioribus
801 397 864 420 sigillis
883 398 958 418 munito,

198 424 248 442 euius
260 424 339 442 tenorem
357 424 380 442 de
395 424 449 442 uerbo
467 424 490 442 ad
501 424 576 442 uerbum
592 424 704 447 presentibus
721 424 776 442 inseri
787 424 868 445 fecimus,
887 424 958 447 plenius

197 451 301 468 continetur.
325 451 382 472 Quare
398 456 430 474 pro
445 452 496 474 parte
506 451 575 469 Alberti
592 450 719 473 archiepiscopi
738 452 756 468 et
772 451 845 473 capituli
861 451 958 469 eorundem

198 477 248 495 noble
260 477 295 495 iuit
306 477 396 495 humiliter
411 477 535 501 supplicatum,
550 478 571 495 ut
582 477 695 498 adiunctioni,
712 477 844 498 donacionibus,
859 478 958 501 incorpora-

197 504 280 525 tionibus,
292 505 369 525 statutis,
385 503 530 525 ordinationibus,
545 504 666 522 uoluntatibus
679 505 696 522 et
708 504 796 522 mandatis
808 504 892 527 predictis
904 506 958 527 atque

198 531 238 553 alijs
250 531 269 549 in
280 531 327 549 dicto
338 532 456 549 instrumento
467 532 560 552 contentis,
576 536 617 549 cum
629 531 710 549 omnibus
722 531 763 549 inde
775 532 841 549 secutis
853 536 884 554 pro
896 536 958 549 eorum

197 557 313 576 subsistentia
330 558 405 576 firmiori
422 558 475 576 robur
492 558 587 581 apostolice
604 557 743 576 confirmationis
759 558 836 581 adijcere
850 563 871 576 ac
883 558 927 576 alias
939 558 958 576 in

197 585 289 607 premissis
301 586 386 608 oportune
397 585 490 608 prouidere
507 584 530 602 de
541 585 650 607 benignitate
667 585 764 608 apostolica
779 585 898 607 dignaremur.
920 585 957 603 Nos

197 611 258 634 itaque
264 611 366 629 huiusmodi
374 611 535 634 supplicacionibus
542 611 627 632 inclinati.
639 611 776 632 adiunctionem,
787 612 895 633 donationes,
902 612 958 629 incor-

197 639 303 661 porationes,
320 640 392 659 statuta,
411 638 535 659 ordinationes,
552 638 658 659 uoluntates,
678 638 767 659 mandata.
785 639 868 656 contenta
884 639 902 656 et
916 638 958 656 indo

197 666 259 683 secuta
271 665 373 683 huiusmodi
389 666 428 683 rata
439 665 525 683 habentes
537 666 555 683 et
566 666 622 687 grata,
638 670 660 683 ea
671 666 731 683 omnia
746 666 850 683 auctoritate
862 665 960 688 apostolice

198 693 258 709 tenore
269 693 378 715 presentium
389 697 410 710 ex
422 693 470 710 certa
482 692 556 710 scientia
568 692 695 710 confirmamus
707 693 724 710 et
735 693 822 715 presentis
832 692 893 715 scripti
901 693 958 715 patro-

198 719 243 736 cinio
252 720 388 740 communimus,
403 719 501 742 supplendo
513 724 575 737 omnes
586 719 671 740 desectus,
688 720 703 736 si
718 719 748 741 qni
759 719 820 737 forsan
831 719 959 737 interuenerint

198 746 216 763 in
228 745 296 763 eisdem
308 747 326 764 et
337 746 461 764 nichilominus
473 746 561 769 presentis
573 745 649 764 ualiture
660 746 744 769 perpetuu
757 746 888 764 constitutionis
900 746 957 764 edicto

198 773 302 790 auctoritate
314 773 383 795 prefata
398 773 493 791 statuimus
505 774 523 791 et
534 773 591 791 eciam
603 773 710 794 ordinamus,
728 772 775 795 quod
786 773 846 790 nullus
858 773 957 790 cuiuscum-

198 804 232 821 que
244 800 300 817 eciam
312 800 410 822 dignitatis,
427 801 490 821 status,
508 800 579 822 gradus¹
597 799 664 817 ordinis
675 800 704 817 uel
716 799 822 817 conditionis
833 800 892 821 fuerit,
910 799 958 817 dein-

198 831 240 849 ceps
251 827 341 849 perpetuis
353 826 418 844 futuris
429 827 538 849 temporibus
552 832 584 850 per
595 831 716 849 quascumque
731 826 837 849 apostolicas
852 827 891 844 siue
906 826 957 844 Sedis

198 853 293 876 apostolice
305 854 333 871 uel
344 854 443 876 legatorum
460 854 498 871 elus
515 854 583 871 litteras
600 853 633 871 sub
646 854 709 876 queuis
727 853 784 871 torma
799 854 828 871 uei
846 854 958 876 expressione

198 880 297 901 uerborum,
309 880 356 898 datis
368 881 421 898 etiam
434 880 510 903 desuper
521 880 644 898 executoribus
656 880 751 900 coniectas.
764 885 796 898 seu
804 881 865 902 uigore
876 881 958 903 pretextu

198 912 259 924 earum
271 907 325 925 etiam
336 912 457 931 quascumque
473 907 562 925 clausulas
579 907 698 929 derogatorias
716 907 845 925 continentium
856 907 895 925 siue
907 906 957 924 desu-

197 939 229 957 per
240 934 341 952 habitorum
352 939 468 957 processuum
480 939 511 957 pro
523 935 607 957 tompore,
619 934 674 952 etiam
685 935 701 951 si
713 933 735 951 de
749 934 784 952 illis
796 934 878 952 omnibus
890 938 958 951 eorum-

198 965 232 983 que
243 961 286 978 totis
297 961 387 978 tenoribus
399 961 481 984 specialis
494 962 512 978 et
523 966 606 984 expressa
623 966 644 978 ac
660 961 682 978 de
694 961 748 978 uerbo
764 960 787 979 ad
805 960 880 978 uerbum
892 961 958 978 mentio

197 988 243 1005 foret
258 987 346 1009 habenda,
362 988 422 1010 aliqua
437 988 466 1005 uel
484 988 555 1010 aliquod
572 993 593 1005 ex
611 988 706 1006 reseruatis
721 987 816 1011 prebendis
832 987 861 1005 uel
873 987 958 1005 altaribus

198 1015 255 1032 eciem
267 1014 290 1031 nd
300 1019 374 1037 presens
385 1016 479 1032 uacantem
491 1015 520 1032 uel
534 1019 601 1032 necans
612 1020 644 1032 seu
656 1015 675 1032 in
687 1015 739 1032 antea
750 1015 855 1032 maturam
866 1014 895 1032 uel
907 1019 958 1032 uaca-

198 1042 258 1058 turum
276 1042 368 1064 acceptare
385 1046 417 1059 seu
433 1041 455 1059 de
467 1041 497 1059 illa
513 1042 542 1059 uel
553 1042 583 1059 illo
594 1043 635 1065 post
652 1041 796 1065 acceptacionem
814 1041 916 1059 huiusmodi
926 1045 958 1063 per

198 1068 275 1090 aliquem
287 1069 401 1086 executomm
412 1068 530 1091 predictorum
542 1073 574 1086 seu
586 1068 608 1086 ab
620 1069 646 1086 eis
658 1073 689 1091 pro
697 1069 776 1091 tempore
786 1068 910 1091 deputatorum
918 1067 958 1085 sub—

199 1096 313 1113 executorum
324 1096 355 1113 aut
367 1095 411 1113 alias
419 1095 507 1118 prouideri
515 1095 574 1113 facere
582 1095 641 1113 ualeat
648 1096 687 1113 siue
694 1095 751 1118 possit
758 1094 888 1117 quoquomodo:
900 1094 958 1112 dccer-

198 1123 261 1140 nentes
279 1122 341 1140 eadem
362 1122 470 1143 auctoritate,
486 1122 585 1145 prebendas
603 1123 621 1140 et
637 1122 700 1140 altaria
715 1123 816 1140 reseruatas
833 1122 851 1139 et
867 1122 958 1140 reseruata

198 1149 300 1167 huiusmodi
318 1154 339 1167 ae
350 1149 447 1172 quamlibet
458 1150 538 1173 ipsarum
554 1149 583 1167 uel
599 1150 678 1172 ipsorum
696 1150 745 1166 iuxta
762 1149 889 1167 continentiam
905 1150 958 1171 atque

198 1176 274 1193 Iormam
286 1176 381 1199 subscripti
393 1177 506 1194 instrumenti
518 1176 622 1194 auctoritate
633 1176 722 1194 ordinaria
732 1175 787 1193 libere
797 1177 816 1193 et
822 1176 871 1193 licite
882 1175 958 1193 oensem·

199 1207 219 1220 ae
232 1202 253 1220 de
265 1202 300 1220 iilis
311 1203 399 1226 prouideri
417 1204 434 1220 et
453 1203 522 1226 disponi
534 1208 586 1226 posse
603 1204 622 1220 in
633 1203 716 1221 omnibus
733 1207 754 1220 ac
766 1207 797 1226 per
808 1203 868 1221 omnia
879 1202 957 1225 perinde,

199 1230 236 1246 acsi
248 1230 342 1252 apostolice
354 1230 393 1247 siue
405 1230 455 1247 Sedis
466 1230 495 1248 uel
506 1230 605 1252 legatorum
617 1229 736 1252 predictorum
745 1229 803 1247 littere
815 1234 847 1247 seu
854 1230 957 1247 reseruatio-

199 1261 231 1273 nes
250 1256 350 1274 nullatcnus
369 1257 491 1274 iuuenix-entur
512 1261 605 1274 emanasse
622 1261 656 1274 nec
675 1256 739 1274 fierent
757 1257 836 1280 ternpore
847 1256 956 1280 procedente,

199 1288 260 1300 omncs
272 1288 341 1305 quoquo
358 1285 375 1301 ct
389 1284 468 1305 singulos
487 1288 580 1306 processus
597 1283 697 1301 huiusmodi
715 1288 736 1301 nc
751 1284 769 1301 in
785 1284 811 1300 cis
823 1284 915 1301 contentas
926 1288 957 1305 pro

200 1311 278 1332 tempore
290 1311 497 1331 excommunicationum,
513 1311 649 1334 suspensionum
665 1312 683 1328 et
698 1310 786 1328 interdicti
798 1310 895 1334 sententias
907 1310 956 1327 alias·
