1040 1506
805 92 838 109 507

79 140 188 163 ..predictam
200 139 289 158 summam
301 145 332 158 sex
344 145 443 158 marcarum
459 145 499 158 cnm
511 140 589 158 sedecim
604 141 658 158 scotis
670 141 754 158 soluerint
765 142 841 163 pecunie

80 169 108 189 „in
119 169 186 191 parata.
209 168 232 185 Et
243 168 290 185 hanc
301 167 373 190 quidem
384 168 492 185 solucionem
500 172 565 185 census
573 167 646 190 predicti
654 167 760 185 kmethones
771 168 840 185 soluere

79 195 201 215 „tenebnntur,
219 195 274 212 donec
291 196 367 217 pecunia
378 194 484 217 principalis,
503 194 586 212 videlicet
603 195 674 212 centum
692 199 793 212 marcarum
809 200 840 217 per

79 222 178 245 „prefatum
190 221 282 239 dominum
294 221 382 239 Swemam
394 223 425 239 aut
432 222 489 244 ipsius
496 221 593 244 legittimus
603 226 714 239 successores
727 221 779 239 dictis
786 221 840 239 dorni-

80 249 119 270 „nis
131 249 214 271 viccarlis
225 249 308 266 restituta
322 248 380 269 suerit,
396 253 427 271 pro
440 248 474 266 alio
486 253 541 266 censu
556 248 610 266 simili
621 248 744 266 conuertenda⁴
768 248 840 269 Herum,

79 275 154 298 „quibus
171 275 230 298 sigilla
246 276 307 293 nostra
328 276 371 293 sunt
393 280 476 298 appensa,
493 276 594 293 testimonio
611 275 714 293 litterarum.
737 275 803 292 Actum
823 277 840 293 et

79 302 151 323 „datum
166 303 184 320 in
196 303 249 320 Kalis
260 302 305 320 feria
320 303 382 324 quinta
393 303 434 319 ante
449 302 516 320 festum
532 302 580 320 beati
591 302 657 320 Mathei
668 302 742 325 apostoli
755 303 773 319 et
784 307 840 320 ewan-

79 329 158 351 „geliste,
178 334 223 347 anno
243 329 314 346 Domini
338 329 431 346 millesimo
453 328 628 351 quadringentesimo
647 329 737 346 tricesimo
756 329 839 347 secundo.

79 356 202 377 „Presentibus
214 355 280 373 ibidem
297 356 384 373 nobilibus
401 356 419 373 et
430 356 507 373 strenuis
526 355 610 373 dominis*
626 355 729 378 Przethpelk
746 355 768 373 de
781 357 840 374 Bliza-

79 397 89 404 „
85 388 140 403 ,nomo
152 383 245 402 Landensi
257 383 345 401 Stanislao
357 382 379 400 de
390 383 501 400 Skarschewo
512 382 602 400 Xenzensi
614 382 721 403 castellanis,
733 382 840 405 Sandiuogio

79 409 176 430 „Rossusth
194 409 215 427 de
227 410 290 427 minori
306 410 402 431 Zlottmz'ki
419 409 496 427 Iohanne
512 409 534 427 de
551 410 629 427 Curowo.
642 409 725 427 Zawissio
743 409 764 427 de
775 410 840 428 Suelio-

78 441 143 457 „rzewu
155 437 173 454 et
184 436 256 454 Nicolao
268 436 290 454 de
301 437 416 458 Roqascmcze
430 436 524 454 heredibus
537 437 554 453 et
566 436 606 458 aliis
621 441 675 458 quam
687 436 766 459 pluribus
778 437 840 454 fidedi-

79 464 129 486 „gnis
141 463 217 481 testibus
229 463 252 481 ad
263 464 365 486 premissa.“

159 490 206 511 „Nos
225 490 306 508 consules
328 490 406 507 ciuitatis
423 490 536 507 Kalisiensis:
555 490 638 507 Nicelaus
656 490 723 507 Radost
741 491 839 513 proconsul,

80 517 181 538 „Ienussius
197 517 256 538 chis,
272 517 357 534 Martinus
375 516 451 537 Hedloff,
468 517 555 534 Martinus
569 518 631 537 sartor,
648 517 739 534 Ianussius
756 517 841 539 Keseling

79 548 140 565 „rasor
151 544 169 561 et
179 543 253 561 Iacobus
269 544 340 561 institor
357 544 417 561 tenore
433 544 545 566 presencium
563 544 633 566 publice
649 544 792 566 recognoscimus
803 545 840 561 vni-

80 571 152 592 „uersis,
165 570 212 593 quod
222 571 242 588 in
253 571 345 593 presencia
356 571 416 588 nostre
428 571 505 588 ciuitatis
517 570 630 588 scabinorum
640 570 784 593 subscriptorum,
796 572 840 593 puta

79 611 89 618 „
85 597 158 618 ,Nicolni
178 597 229 620 Wejs
245 597 337 618 sellatoriS,
355 597 449 615 venceslai
464 597 544 620 Hampel.
563 597 638 620 Ienussij
660 597 732 615 Hanuth
751 598 839 619 arcuficis,

80 624 158 645 „Nicolai
165 624 262 645 Eleusmid,
273 623 341 641 Nicolai
352 624 439 646 Winczig,
451 624 516 641 Mathis
528 624 634 646 Pangowski
646 625 663 642 et
672 624 792 642 Piotraskonis
804 624 840 647 Zej-

78 651 127 672 ,loth
139 656 199 669 coram
210 651 290 668 Ianussio
301 650 384 668 Beserich
397 650 483 668 aduocato
495 651 602 668 constitutus
613 650 698 668 honestus
706 651 779 669 Iacobus
791 652 840 669 insti-

78 679 117 699 „tor
128 678 244 700 personaliter
261 678 280 695 in
291 677 364 695 bannito
376 677 441 695 Iudicio
458 677 514 695 libera
525 678 621 698 voluntate,
637 678 684 695 iusto
702 678 811 696 iendicionis
823 679 841 696 et

78 705 188 727 „empcionis
205 704 256 722 titulo
268 704 378 727 precedente,
392 705 491 726 resignauit
502 705 535 722 rite
546 704 711 727 racionabiliterque
722 706 758 722 tres
771 710 840 723 marcas

78 732 144 752 „annui
156 736 220 749 census
237 732 307 749 monete
324 731 423 749 communis
442 732 461 748 111
473 732 491 748 et
502 736 555 754 super
570 731 622 749 domo
634 736 668 749 sua
679 736 733 754 penes
745 732 840 749 Mai-tinum

78 758 159 779 „Mentus
170 759 189 776 iu
201 759 239 776 acie
251 758 312 776 circuli
324 758 403 776 ciuitatis
415 759 474 776 nostre
485 759 525 779 sita,
537 758 632 776 soluendus
645 759 698 780 atque
709 758 777 776 dandas
789 760 840 776 annis

78 785 165 807 „singulis
176 790 230 808 super
242 785 319 807 quelibet
331 786 414 807 quattuor
430 786 510 807 tempora
528 786 570 802 anni
581 786 617 803 tres
630 785 707 803 fertones
719 785 792 808 prouido
803 786 841 803 viro

78 811 160 832 „Andree
171 811 277 829 Kandzorka
293 812 366 834 suisque
383 812 516 829 successoribus
530 812 615 834 legitimis
633 812 655 829 de
673 817 718 829 anno
735 812 757 830 ad
775 817 840 830 annun]

78 838 162 859 „tamdlu,
174 843 267 861 quousque
273 838 364 861 predictus
371 838 445 856 Iacobus
457 839 488 856 aut
494 839 551 861 ipsius
558 838 633 861 legitimi
642 844 753 856 successores
765 839 841 857 eundem

78 870 163 886 „censum
174 865 229 883 trlum
240 870 341 883 marcarum
353 870 384 888 pro
397 865 519 883 consimilibus
531 866 604 887 triginta
612 866 676 883 marcis
685 866 760 883 latorum
772 871 841 888 grosso>

78 897 134 913 „rum,
146 897 187 910 cum
198 893 247 910 tante
259 892 350 910 facultatis
358 892 429 912 fuerint,
442 891 510 909 duxerit
522 897 554 909 seu
562 891 644 910 duxerint
654 892 773 913 reemendum,
786 898 840 910 censu

78 920 148 940 „tamen
159 924 240 942 persesso
253 918 351 936 secundum
361 920 464 941 computum
476 919 561 941 temporis
569 919 651 941 primitus
663 919 772 941 integraliter
783 924 841 942 perso-

78 946 131 967 „luto.
154 946 174 963 In
185 946 236 963 cuius
246 946 271 963 rei
279 946 401 963 testimonium
410 946 487 963 ciuitatis
499 946 559 963 nostre
566 945 721 968 predictorumque
729 946 841 964 scabinorum

78 973 148 995 „sigilla
159 972 271 995 presentibus
283 974 325 990 sunt
337 977 419 995 appensa.
443 973 508 990 Actum
521 973 539 990 et
551 972 612 990 datum
624 972 673 990 Kalis
685 972 729 990 feria
740 974 791 990 sexta
801 974 842 995 post

77 999 184 1021 „Fi-ancisa,
197 1004 242 1017 anno
254 999 326 1017 Domini
338 999 432 1017 millesimo
443 999 618 1021 quadringentesimo
630 1000 714 1017 vicesimo
726 1000 805 1017 octenos*

158 1026 194 1044 Nos
206 1027 266 1048 itaque
277 1026 361 1044 Albertus
377 1026 520 1049 archiepiscopus
535 1027 644 1043 memoratus
660 1027 763 1049 precipuam
775 1031 841 1047 curam,

77 1054 165 1075 quantum
177 1058 198 1070 ex
211 1053 246 1071 alto
258 1053 365 1074 conceditur,
378 1052 400 1070 de
412 1053 469 1070 salute
481 1053 573 1070 hominum
584 1054 667 1075 gerentes
680 1054 697 1070 et
708 1054 728 1070 vt
739 1058 765 1074 ea,
777 1058 812 1075 que
823 1054 842 1071 in

77 1080 155 1102 presenti
168 1080 271 1097 deuotorurn
280 1084 344 1097 manus
356 1080 374 1097 in
382 1080 421 1102 pias
430 1080 551 1102 eleemosynas
562 1079 669 1100 effuderunt,
682 1080 764 1103 centupla
771 1080 842 1098 valeant

78 1106 160 1129 colllgere
180 1107 198 1123 in
218 1106 283 1127 futuro,
304 1106 466 1129 supplicaciouibus
485 1106 585 1124 euiusmodi
604 1106 655 1124 nobis
674 1106 727 1124 factis
743 1106 842 1129 benigniter

78 1133 165 1153 acclinati,
182 1133 280 1155 predictum
292 1133 347 1151 altare
362 1134 380 1151 in
392 1133 458 1151 honore
470 1134 595 1156 omnipotentis
607 1133 640 1151 Dei
652 1133 726 1156 eiusque
737 1134 842 1151 intemerate

78 1160 169 1182 genitricis
181 1162 198 1177 et
210 1160 284 1182 virginis
299 1160 353 1177 Mar-ie
368 1160 495 1182 beatorumque
509 1160 601 1178 Adalberti
616 1160 706 1183 pontificis
722 1161 740 1178 et
751 1160 842 1178 Cristoiori

78 1187 161 1209 martyris
179 1187 197 1204 in
209 1186 257 1204 dicte.
274 1187 349 1204 ecclesia
365 1187 458 1209 collegiata
469 1186 564 1204 Kalisiensi
579 1187 696 1205 iundauimus
713 1188 731 1205 et
748 1188 841 1208 ereximus,

78 1218 143 1231 census
159 1218 228 1235 quoque
246 1213 334 1236 predictos
351 1214 369 1231 in
385 1214 511 1237 suprascriptis
527 1213 591 1231 litteris
606 1215 703 1235 contentos,
721 1214 779 1232 eidem
791 1214 842 1232 alteri

78 1241 208 1262 esseripsimus,
226 1241 379 1263 appropriauimus
397 1241 415 1258 et
426 1241 583 1263 incorporauimus,
601 1240 720 1262 decernentes,
737 1241 784 1263 quod
795 1240 843 1259 idem

78 1271 143 1284 census
155 1267 239 1290 deinceps
251 1268 269 1284 et
280 1267 299 1284 in
310 1268 363 1285 antea
374 1272 412 1285 sors
425 1267 545 1285 ecclesiastica
557 1268 680 1290 nuncupeatur
691 1269 709 1285 et
720 1272 751 1291 pro
763 1268 842 1291 ipsorum

77 1294 155 1311 tuicione
167 1295 185 1311 et
196 1294 299 1311 defensione
311 1294 382 1311 nonnisi
390 1294 412 1311 ad
420 1294 506 1312 iudicium
513 1294 654 1312 ecclesiasticum
662 1299 742 1312 recessus
750 1294 842 1312 habeatur.

78 1320 125 1342 Quos
145 1320 216 1343 quidem
233 1325 297 1338 census
317 1320 391 1343 predicti
411 1321 471 1338 altaris
491 1321 575 1342 altarista.
595 1322 625 1343 qui
642 1326 674 1344 pro
685 1322 764 1344 tempore
784 1321 842 1342 ruerit,
