1040 1506
832 96 851 112 11

90 143 188 161 Gueznensi
207 143 289 166 eeclesiis
306 143 390 166 predictis
406 144 423 161 in
442 143 593 166 archiepiscopum
613 143 721 166 preficiendo
735 144 753 161 et
769 145 855 166 pastores,

90 170 162 188 iohanni
174 170 286 188 Camiueusis
298 171 316 188 et
327 170 445 193 Dobrogostio
457 170 540 193 predictis
553 170 661 188 Gueznensis
670 170 784 188 ecelesiarum
796 170 855 188 huius-

91 197 137 215 modi
149 201 211 215 curam
223 198 241 215 et
253 197 428 215 administracionem
440 197 459 215 iu
470 197 592 220 spiritualibus
607 198 625 215 et
640 197 766 220 temporalibus
777 197 856 220 plenarie

90 223 226 245 commsttendoe
238 225 256 241 et
267 224 330 241 deinde
342 229 373 247 per
384 229 417 242 nos
429 225 507 247 accepto,
519 223 567 246 quod
575 225 638 245 cestra,
650 224 702 245 bona,
713 224 788 245 fructus,
799 224 856 242 reddi-

90 252 118 268 tus
128 252 147 268 et
158 252 256 274 prouentus
268 252 287 268 et
298 251 334 269 alia
349 252 388 269 iura
404 251 426 269 ad
441 256 522 269 mensam
538 251 657 274 episcopalem
672 251 796 269 Camiuensem
807 256 856 274 spee-

92 278 155 298 tautia,
173 277 217 295 adeo
234 278 313 296 anuliata
330 279 348 295 et
362 283 394 301 per
411 278 498 296 nonnulos
517 279 603 301 occupata
616 278 720 299 existebant,
735 278 782 300 quod
798 278 856 296 dictus

89 304 176 322 Iohannes
192 305 286 327 episcopus
301 310 322 322 ex
337 305 430 326 fructibus,
446 305 544 322 redditibus
560 306 577 322 et
592 305 707 328 proueutibus
721 305 777 328 ipsius
790 310 856 326 mense,

90 336 135 354 quoe
146 332 238 354 percipere
253 332 328 354 poterat,
344 331 471 349 condecentem
487 333 554 349 statum
569 332 667 350 secundum
681 332 789 355 pontificalis
801 331 856 354 digni-

90 359 132 376 tatis
144 358 278 376 condecentiam
289 359 349 376 tenere
361 360 379 376 et
390 358 492 376 huiusmodi
503 360 590 382 occupata
601 363 705 382 recuperare
717 358 809 376 commode
821 363 856 376 uon

90 385 168 406 ualebat,
182 390 215 403 nos
226 385 286 403 omnia
298 386 315 403 et
327 385 398 408 singula
410 386 473 406 castra,
488 385 540 406 bona,
556 385 640 407 redditus,
656 386 758 408 prouentus,
772 385 856 406 decimas.

89 412 211 433 obuentiones,
231 412 361 430 iurisdictiones
377 413 396 430 et
413 412 447 430 alie
461 413 500 430 iure
515 412 538 430 ad
557 412 709 435 arehiepiscopum
727 417 759 435 pro
778 413 857 435 ternpore

91 439 197 456 existentem
214 440 232 456 et
251 439 290 456 eius
312 444 395 463 mensem
415 439 583 462 archiepiscopalem
600 439 721 457 Gneznensem
741 438 857 461 quouismodo

90 466 195 488 spectantia,
206 466 226 483 in
233 465 304 483 Prussie
316 467 334 483 et
345 466 427 484 omnibus
439 466 480 489 aliis
487 466 567 489 pertibus
576 466 646 487 dicioni,
657 466 741 489 potestati
753 466 857 483 dilectorum

93 492 172 510 filiorum
184 493 266 515 magistri
277 494 296 510 et
307 493 382 510 fratrum
397 493 490 516 hospitalis
503 492 554 511 beate
566 493 620 511 Marie
635 492 781 511 Theotouicorum
793 492 857 511 Ieroso-

91 519 169 537 limitani
181 519 312 542 quomodolibet
323 520 413 541 subiectis,
427 520 550 541 consistencia,
565 520 587 538 de
598 520 686 538 dictorum
697 519 772 537 fratrum
784 519 857 537 consilio

92 552 103 564 a
114 546 237 564 iurisdictione
255 546 298 564 dicti
315 546 443 570 archiepiscopi
460 552 491 570 pro
508 548 587 570 tempore
603 547 694 564 existentis
711 548 728 564 et
742 547 780 564 eius
796 551 858 564 mense

90 573 201 591 Gnezucnsis
220 573 298 596 predicte
313 578 370 596 usque
387 573 410 591 ad
427 573 473 591 dicte
488 574 539 591 Sedis
555 574 687 596 beneplacitum
704 573 809 591 auctoritate
820 578 858 596 pre-

90 599 140 617 dicta
151 600 275 623 separauimus
291 601 361 623 penitus
374 601 392 618 et
402 600 519 618 iiberauimus
531 602 549 618 et
560 605 582 618 es
598 601 658 618 omnis
672 601 690 618 et
704 600 775 622 singula
789 600 858 623 prefato

90 626 165 644 iohanni
183 627 265 650 episcopo
283 627 346 645 eadem
364 628 468 645 auctoritate
482 628 614 645 reseruauimus
629 628 647 645 et
659 627 810 647 comendauimus,
827 631 858 649 per

94 658 137 671 eum
149 658 206 676 usque
222 653 244 671 ad
259 653 361 672 huiusmodi
372 654 503 677 beneplacitum
515 654 597 675 tenenda,
612 653 690 676 regende
701 654 719 671 et
730 654 784 671 etiam
795 653 858 676 guber·

90 680 156 701 nanda,
169 685 230 698 curam
238 682 256 698 et
264 680 436 699 administrationem
446 681 517 704 plenam
527 681 628 703 generalem
640 682 658 698 et
669 681 743 698 liberam
755 681 858 701 castrorum,

94 707 188 728 bonorum,
205 707 301 728 fructuum,
318 707 425 729 reddituum,
440 709 564 731 prouentuum,
583 707 698 728 decimarum,
717 707 858 725 iurisdictionum

90 735 108 751 et
120 734 188 752 iurium
199 734 302 752 huiusmodi
313 735 332 752 in
343 735 465 758 spiritualibus
475 736 493 752 et
501 734 628 758 temporalibus
640 734 719 758 plenarie
727 733 858 755 committendo,

92 762 111 778 vt
132 761 172 784 ipse
189 761 276 779 lohannes
296 762 389 785 episcopus
406 762 433 780 sic
450 767 471 779 ea
486 767 518 779 sue
536 762 685 779 administrationi
702 762 719 779 et
736 760 859 783 gubernationi

91 788 190 805 commissa
204 788 320 811 spiritualiter
334 789 352 806 et
363 788 484 811 temporaliter
494 789 544 806 iuxta
558 788 618 806 datam
630 788 664 806 sibi
676 793 687 806 a
698 788 735 806 Deo
746 787 859 811 prudentiam

92 815 169 837 regeret,
181 814 265 837 dirigeret
277 816 295 833 et
306 816 435 838 augment-ret,
451 820 472 833 ac
483 815 505 833 <ie
517 815 610 836 fructibus,
624 815 727 836 redditibus,
739 814 859 837 prouentibus,

92 841 163 859 iuribus
175 842 193 859 et
204 841 340 860 obuentiouibus
352 843 397 865 ipsis
408 843 497 860 uniuersis
509 842 598 860 ordinaret
609 843 627 860 et
638 842 743 865 disponeret,
755 841 830 863 illosque
841 841 860 858 in

92 873 136 886 suos
153 869 171 885 et
186 868 266 886 eiusdem
280 869 354 887 ecclesie
371 869 481 887 Camineusis
496 874 541 887 usus
556 870 658 887 conuertere
671 868 739 886 ualeret
756 869 774 886 et
789 868 859 889 habere,

91 896 146 918 prout
163 895 201 912 ueri
221 896 349 919 archiepiscopi
367 896 485 917 Gneznenses,
503 896 534 918 qui
550 901 581 919 pru
599 897 678 919 ternpore
695 895 770 916 fuerent,
789 895 810 912 de
825 895 860 912 illis

91 924 176 942 ordinare
191 925 209 942 et
224 922 317 946 disponere
334 923 465 945 quomodolibet
476 924 572 945 potuerunt
586 928 618 940 seu
632 923 686 940 etiam
698 922 802 942 debuerunt,
820 922 860 939 alie—

92 951 167 968 natione
178 951 238 968 tamen
246 950 332 968 bonorum
344 950 455 968 inmobilium
467 951 485 967 et
494 950 611 972 pretiosorum
623 949 720 970 mobilium,
732 948 755 966 ad
767 948 860 966 ecelesiam

91 979 110 995 et
122 982 205 995 mensam
221 977 333 995 Gnezueuses
344 976 434 1000 predictas
448 977 580 999 pertinentium,
595 976 629 994 sibi
640 976 712 999 penitus
723 975 825 996 interdicta;
840 980 860 993 ee

91 1004 184 1022 noluimus
196 1005 214 1022 et
225 1005 272 1022 iuter
291 1005 349 1022 cetera
361 1003 423 1021 eadem
439 1004 543 1021 auctoritate
561 1003 678 1024 decreulmus,
695 1002 741 1025 quod
756 1002 861 1020 commende

91 1033 111 1049 et
122 1031 234 1054 beneplacito
245 1031 348 1049 huiusmodi
360 1031 422 1051 finitis,
435 1032 498 1051 castre,
510 1030 561 1051 bona,
574 1030 648 1051 fructus,
662 1029 747 1050 redditus,
758 1030 860 1052 prouentus,

92 1058 169 1079 decime,
186 1058 316 1076 iurisdictiones
328 1059 347 1075 et
359 1058 394 1075 elia
411 1058 450 1075 iure
466 1057 568 1075 huiusmodi
586 1057 609 1075 ed
623 1056 722 1079 predictam
739 1056 861 1074 Gueznensem

92 1085 189 1103 ecclesiam
201 1086 219 1102 et
230 1085 268 1102 eius
281 1089 362 1102 mensam
373 1084 541 1107 archiepiscopalem
554 1089 649 1106 eorumque
661 1084 689 1101 ius
701 1084 719 1101 et
730 1083 860 1106 proprietatem,

92 1113 148 1135 prout
160 1113 201 1130 aute
213 1112 342 1134 separationem
359 1111 460 1129 huiusmodi
475 1111 579 1132 existebant,
595 1110 713 1133 intergraliter
724 1111 861 1130 reuerterentur:

92 1140 113 1157 et
130 1139 260 1161 subsequenter
276 1138 407 1161 beneplacitum
419 1138 521 1156 huiusmodi
542 1138 606 1155 litteris
624 1137 726 1160 apostolicis
743 1142 797 1160 super
815 1141 861 1154 com·

93 1165 161 1183 menda
178 1165 281 1183 huiusmodi
298 1165 389 1186 coniectis,
407 1166 495 1186 contenta,
512 1170 570 1187 usque
587 1164 610 1182 ad
628 1165 724 1182 terminum
742 1164 778 1182 uite
797 1163 862 1187 prefati

92 1192 178 1210 Iohannis
190 1193 269 1215 episcopi
287 1192 309 1210 de
325 1191 422 1210 eorundem
439 1192 514 1209 irati-um
531 1191 603 1209 consilio
619 1192 637 1209 et
656 1191 751 1214 apostolice
768 1191 861 1213 potestatis

91 1219 205 1242 plenitudnie
213 1219 318 1237 auctoritate
329 1218 408 1242 predicta
420 1219 564 1241 prorogauimus;
576 1219 594 1236 et
605 1218 707 1235 successiue
719 1222 759 1235 cum
771 1217 861 1240 prefatum

92 1246 192 1264 Iohannem
209 1246 313 1269 episcopum
330 1251 341 1264 a
358 1245 435 1267 uinculo,
453 1250 487 1268 quo
504 1246 539 1268 ipsi
557 1245 659 1263 Caminensi
677 1245 756 1266 ecclesie,
774 1245 803 1262 cul
819 1245 862 1262 tunc

91 1274 169 1296 preerat,
187 1273 285 1294 tenebatur,
302 1272 324 1290 de
336 1273 423 1291 dictorum
439 1273 515 1290 fratrum
531 1272 603 1290 consilio
620 1273 638 1289 et
653 1272 756 1290 huiusmodi
768 1272 862 1295 potestatis

91 1299 205 1323 plenitudine
216 1299 360 1321 absoluissemus,
373 1300 467 1323 ipsumque
475 1299 498 1317 ad
504 1299 598 1317 ecclesiam
605 1299 723 1319 Culmensem,
735 1300 778 1316 tunc
789 1299 860 1321 pastore

92 1328 185 1344 carentem
203 1327 361 1347 transtulissemus,
378 1326 487 1349 preficiendo
504 1327 564 1349 ipsum
581 1326 599 1344 in
614 1326 717 1348 episcopum
733 1327 751 1343 et
764 1326 858 1348 pastorem,

758 1356 774 1370 2.
