1040 1506
817 85 850 105 395

90 135 197 158 capitulares
212 135 264 153 abilis
276 137 293 153 et
305 135 451 154 distribuclonum
466 135 609 158 quotidianarum
625 141 646 153 ac
657 136 714 153 eciam
728 135 850 158 proriisionum

89 162 172 180 villarum
183 162 284 180 huiusmodi
302 163 374 186 capituli
386 167 441 185 capax
453 162 511 182 tuerit.
529 167 584 180 vnam
598 167 629 185 pro
644 167 664 180 se
676 167 697 180 ex
708 162 761 180 dietis
772 162 819 180 villis
831 163 849 180 et

89 187 224 212 prouIsionibus,
242 195 296 212 quem
312 191 391 213 tempore
409 194 434 211 eo,
454 195 489 212 quo
506 190 544 212 ipse
561 189 663 207 huiusmodi
681 189 757 212 capitulo
775 190 849 211 intersit,

89 221 153 234 uacare
164 217 262 239 contigerit,
274 216 348 234 aliorum
359 216 406 234 ‹ilcte
417 216 491 235 ecclesie
503 216 611 234 Gneznensis
623 217 747 234 canonicorum
758 216 781 234 ed
792 214 849 234 instar

88 244 150 266 optare
161 248 182 262 ae
193 244 278 266 optinere,
289 244 307 261 et
319 248 353 266 que
364 244 421 261 eciam
433 248 454 261 ex
466 244 531 264 causis,
542 244 614 266 propter
625 248 669 266 quas
681 243 711 262 illa
719 243 772 261 alicui
783 243 850 266 prelato

89 270 117 288 uel
129 271 213 288 canonico
225 270 272 288 dlote
283 270 357 288 ecclesie
369 270 477 288 Gneznensis
489 270 585 288 auferenda
596 270 647 291 soret,
659 270 681 288 ab
691 269 753 287 eodem
760 270 850 293 preposito

88 302 119 320 pro
131 298 210 320 tenpore
221 297 312 318 existente,
329 297 400 318 eutem,
417 302 437 315 ac
453 297 475 315 de
487 302 508 315 ea
519 302 551 320 per
562 296 664 315 huiusmodi
681 296 778 319 capitulum
795 296 850 314 libere

88 324 177 348 prouideri
187 324 252 345 ualeat„
263 324 337 347 ipseque
348 325 448 347 prepositus
460 329 491 347 pro
499 325 578 347 tempore
586 324 663 341 existens
673 324 692 341 111
700 323 776 346 capitulo
784 323 850 341 ibidem

90 351 168 373 generali
180 352 198 369 et
212 355 248 369 non
259 351 303 369 aliae
318 356 360 369 cum
371 351 445 369 consilio
460 350 562 368 huiusmodi
578 350 651 373 capituli
662 352 680 368 et
691 351 710 368 in
721 349 801 368 eiusdem
812 355 850 373 pre

89 378 143 401 positi
154 383 186 401 pro
203 379 282 401 tempore
297 378 389 396 existentis
406 378 494 398 absencia,
511 382 544 395 suo
562 378 632 395 nomine
648 378 707 395 semor
723 377 802 400 prelatus
819 378 851 395 331

89 405 184 423 canonicus
201 404 248 422 dicte
264 404 338 422 ecclesie
355 404 468 426 Gneznensis,
486 404 553 425 domos,
570 405 623 426 ortos,
640 405 658 422 et
674 409 724 422 areas
740 404 850 422 canonicales

88 432 136 450 cirea
147 431 268 450 Gneznensem
280 431 383 455 predictam,
395 436 463 450 necnon
473 432 531 449 sancti
538 431 628 454 Laurentii
637 431 758 449 Gneaneusem
766 431 850 449 ecclesias

88 459 210 479 consistentes,
222 463 263 476 curn
274 459 384 479 uacauerint,
396 458 449 476 3110111
461 458 483 476 de
494 459 561 481 gremio
573 457 675 476 huiusmodi
687 458 759 481 capituli
771 457 851 475 conterat

88 485 138 506 inibi,
150 485 256 504 residentem
268 485 371 508 preferendo
380 485 453 503 absenti.
476 485 499 503 Et
509 486 582 508 insuper
592 486 686 508 postquam
694 484 752 502 dictus
760 484 850 503 Sdzislaus

88 513 145 530 ceiam
156 513 217 535 uigore
229 512 309 530 mandati
320 512 359 530 siue
370 513 463 535 potestatis
475 512 577 530 huiusmodi
593 511 675 530 omnibns
688 513 706 529 et
716 511 797 534 singulis,
813 512 851 530 tam

88 539 173 560 iudicum,
189 544 242 562 quam
257 539 362 557 arbitrorum
374 540 470 562 sentenciis
482 540 500 557 et
511 540 568 556 eciam
580 539 656 562 desuper
671 543 682 556 a
697 538 742 556 Sede
754 538 851 561 apostolica

89 571 110 585 ac
116 566 160 585 alias
167 566 232 584 habitis
239 566 411 587 confirmacionlbus,
419 566 595 589 necnonpriuilegljs‚
607 565 769 587 consuetudinibus,
777 565 850 588 rescrip-

88 594 116 614 tis,
131 594 203 611 statutis
215 594 233 611 et
244 592 397 616 disposicionibus,
412 598 444 616 per
455 598 489 616 que
498 593 608 616 prepositum
620 593 638 610 et
648 593 778 615 preposituram
789 592 850 610 huius-

90 620 139 638 modi
156 620 226 643 aliquod
243 621 272 638 ius
288 621 306 638 in
325 620 377 638 dictis
388 620 440 641 villis,
458 619 545 640 domibus,
563 620 605 637 ortls
617 620 635 637 et
647 619 692 637 areis
704 619 753 640 31133,
765 623 820 641 quam
830 619 851 642 111

89 647 202 670 premittitur,
214 647 279 665 habere
291 652 343 670 posse
355 648 452 670 appareret,
465 647 581 667 renunciaret,
593 647 628 669 ipsi
640 646 700 664 arbitri
712 646 742 664 illa
753 646 813 663 omnia
824 646 851 663 sic

88 674 197 695 renunciata,
213 679 265 692 caesa
276 675 294 691 et
305 674 355 692 irrita
366 679 406 691 esse
419 674 518 695 uoluerunt,
535 673 578 691 nulli
590 673 677 691 dictarum
688 673 769 696 parcium
780 672 851 695 aliquod

88 700 201 719 commodum
213 700 297 724 deinceps
313 701 388 719 allatura
403 701 439 724 11ϋ3
450 701 497 718 inter
508 700 548 721 alia,
564 700 611 722 quod
625 701 685 723 partes
699 700 738 722 ipse
748 698 822 717 laudum
833 700 851 717 et

89 728 181 746 arbitrium
198 727 300 746 huiusmodi
311 727 345 745 sub
361 732 408 750 pena
421 729 496 750 quatuor
513 727 582 745 milium
596 727 701 745 ducatorum
718 726 756 744 auri
773 726 813 749 puri
829 725 851 743 de

89 755 168 776 Camere,
179 755 221 773 boni
232 756 251 772 31
262 755 304 772 13311
315 754 403 778 ponderis,
414 759 446 778 per
457 754 506 772 illam
518 759 539 772 ex
551 754 603 772 dictis
614 754 700 777 partibus,
715 758 750 776 que
761 753 851 771 contraue-

89 782 135 800 niret
146 786 178 805 pro
189 787 225 799 vna
236 782 302 804 relique
313 782 394 804 parcium
406 781 502 799 earundem
514 782 532 799 et
543 781 578 799 alia
590 780 714 798 medietatibus
726 780 793 798 fabrice
805 779 852 797 dicte

89 809 163 826 ecclesie
175 808 283 826 Gnezneasis
295 808 405 831 applicanda,
421 808 520 830 emologare
532 813 553 826 ac
564 808 654 831 perpetuis
666 807 731 825 11113113
742 806 851 830 temporibus

89 835 215 853 inuiolabiliter
226 836 286 853 tenere
298 835 382 853 deberent
392 836 411 853 et
422 835 511 853 nonnullis
523 835 563 858 alu‘s
571 835 614 852 tunc
622 834 701 855 adiectis,
713 835 771 857 prout
777 834 795 851 in
806 833 851 858 litto-

89 862 114 880 ris
126 863 230 880 auctenticis
242 862 318 885 desuper
330 862 420 883 coniectis,
433 862 512 885 ipsorum
519 862 605 885 prepositi
616 862 634 879 et
642 860 715 884 capituli
723 856 787 883 sigillis
795 861 852 878 muni·

90 889 119 910 tis
130 889 200 912 plenius
212 889 277 907 dicitur
288 889 378 907 contineri
401 889 459 910 Quare
472 893 504 911 pro
515 889 565 911 parte
577 888 664 906 dictorum
676 887 738 905 decani
750 888 768 905 et
779 887 852 910 capituli

89 916 141 934 nobis
153 916 188 934 tuit
199 916 289 933 humiliter
300 916 425 939 supplicatum,
440 917 460 933 ut
471 915 566 936 sentencie,
581 914 634 933 laudo
646 916 664 932 et
675 914 747 936 arbitrio
761 913 851 937 predietie,

89 948 158 961 necnon
176 943 221 966 elijs,
238 948 272 965 que
289 947 311 960 ea
327 943 437 965 contingunt,
454 943 473 960 in
486 943 531 965 ipsis
543 942 606 960 litteris
618 942 711 962 contentis,
729 946 761 964 pro
772 941 851 964 ipsorum

89 970 208 988 subsistencia
223 970 297 987 firmiori
314 969 367 987 robur
379 969 474 992 apostolice
490 969 633 987 confirmacionis
651 968 729 991 adiicere
740 968 762 985 de
773 968 851 990 benigni-

88 997 126 1015 tate
138 997 234 1020 apostolica
246 996 359 1019 dignaremur
387 996 423 1014 Nos
435 997 500 1019 itaque,
513 996 543 1019 qui
555 996 577 1013 de
585 996 677 1019 premissis
689 996 756 1013 comm
768 995 851 1012 noticiam

89 1028 125 1041 non
144 1023 235 1045 habemus,
254 1023 356 1041 huiusmodi
369 1023 530 1046 supplicacionibus
549 1023 634 1044 inclinati,
651 1022 757 1040 fraternitati
774 1022 804 1039 tue
820 1026 852 1044 per

89 1050 186 1073 apostolica
197 1051 263 1073 scripta
275 1050 386 1071 mandamus,
398 1050 482 1072 quatinus
494 1050 509 1067 si
521 1051 540 1067 et
550 1050 644 1072 postquam
659 1049 732 1070 uocatis,
744 1049 774 1071 qui
786 1048 853 1066 fuerint

89 1077 171 1098 uocandi,
187 1077 219 1095 tibi
230 1077 252 1095 de
264 1078 360 1098 sentencia,
375 1076 428 1095 laudo
440 1077 458 1094 et
469 1076 541 1094 arbitrio
555 1076 639 1099 predictis
650 1076 737 1098 legittime
749 1075 852 1096 consfitefit,

89 1104 121 1122 1113
132 1105 150 1122 et
161 1105 213 1127 prout
224 1104 338 1122 racionabilia
349 1104 390 1125 sint,
407 1104 447 1124 alia,
459 1108 494 1126 que
505 1102 608 1121 huiusmodi
619 1103 734 1123 sentenciam,
749 1102 823 1120 laudum
834 1103 853 1120 et

89 1131 182 1149 arbitrium
194 1131 303 1153 contingunt,
315 1131 334 1149 in
346 1130 398 1149 dictis
409 1131 472 1148 litteris
482 1131 569 1156 contenta,
582 1135 603 1148 ac
615 1134 726 1152 quecumque
738 1129 779 1147 inde
790 1130 852 1147 secuta

89 1159 195 1176 auctoritate
206 1159 267 1175 nostra
281 1158 355 1181 sprobes
366 1159 385 1175 et
396 1157 496 1178 confirmes,
512 1157 611 1180 supplendo
620 1161 682 1174 omnes
694 1156 780 1177 defectus,
794 1156 810 1173 si
821 1156 852 1178 qui

88 1185 164 1203 forsitan
180 1185 306 1203 interuenerint
323 1185 342 1202 in
359 1184 430 1202 eisdem.
454 1184 520 1202 Datum
543 1184 597 1202 Rome
617 1183 664 1206 apud
680 1184 761 1201 sanctam
778 1183 851 1201 Mariam

89 1212 180 1232 maiorem,
192 1211 247 1229 xvm
259 1211 293 1229 kal.
305 1211 414 1232 Decembris,
426 1211 541 1234 pontificatus
553 1211 608 1228 nostri
620 1215 666 1228 33110
677 1210 758 1233 septimo.

170 1239 201 1260 (33
212 1238 302 1260 zakladce)
314 1238 348 1256 Rta
359 1238 419 1260 gratis.
432 1248 453 1251 -
465 1238 483 1256 Ρ
495 1238 517 1255 de
527 1237 648 1281 Ioartirnberg.

89 1301 125 1319 nkiej
135 1301 160 1319 (N.
169 1301 207 1320 308),
219 1303 295 1320 0113133113]
308 1301 336 1318 ieet
349 1301 417 1319 ulmae
429 1300 463 1319 bula
476 1300 534 1320 pepi&
543 1282 608 1315 Mareia:
615 1300 634 1317 V,
647 1300 730 1317 avienum
740 1303 759 1313 113
767 1299 850 1317 miram

90 1324 172 1344 Κουφαγ-
180 1324 246 1339 marku.

744 1349 751 1357 ‘
754 1349 771 1364 50
