1040 1506
182 78 216 103 ,δώ

182 132 217 157 Alii
230 138 271 152 vero
283 134 357 155 fruetus,
369 131 453 155 redditus,
468 133 570 157 prouentus,
587 129 654 152 decime
666 135 684 152 et
695 129 817 155 obuenciones,
829 130 845 152 si
857 131 887 157 qui
899 136 916 153 st
927 132 943 153 si

182 166 217 184 que
228 161 348 185 superfuerint
359 162 390 179 aut
401 162 516 184 imposterum
528 162 642 182 excreuerint,
655 166 685 184 pro
697 161 831 179 irumInentibus
843 161 942 179 cottidianis

182 188 264 207 oneribus
283 188 340 211 ipsius
357 188 430 206 ecclesie
449 188 573 211 supportandis
590 188 705 211 applicentur,
722 189 753 206 eut
769 189 815 206 inter
832 188 908 211 prelatos
925 189 943 206 et

182 216 276 233 canonicos
288 215 344 238 ipsius
359 215 437 235 ecclesie.
455 215 502 232 circa
513 215 572 238 ipsam
589 215 682 233 ecclesiam
697 215 808 238 personalem
826 215 942 233 resideneiam

182 242 268 260 iacientes
280 243 298 259 et
309 242 374 259 diuinis
392 241 457 264 officijs
474 242 600 260 interessentes
617 243 635 260 et
646 247 681 259 nen
696 242 745 263 elios,
762 242 839 260 infirmis
852 247 884 261 seu
895 242 943 260 iuste

182 271 201 287 et
216 268 318 287 racionabili
335 268 420 291 corporali
435 269 541 286 necessitate
556 269 585 286 uel
600 269 618 286 in
634 268 757 287 communibus
772 269 846 286 ecclesie
861 269 942 291 seruiciJs

182 297 201 314 et
211 296 290 318 nsgoeijs
302 296 397 318 occupetis,
410 294 514 318 dumptaxet
525 296 608 318 exceptis,
620 297 638 313 et
650 296 693 313 elias
705 296 754 313 iuxta
765 300 832 313 morem
844 297 862 313 st
871 300 942 313 consue-

182 322 262 340 tudinem
273 323 292 340 in
303 323 343 345 ipse
354 322 430 340 ecclesia
441 323 508 340 seruari
519 322 580 340 solitos
591 327 623 340 seu
631 324 683 345 prout
690 322 820 340 racionabiliter
827 323 942 345 imposterum

182 349 282 367 ordinatum
299 349 358 370 tuerit,
374 354 405 372 pro
421 349 521 367 cottidianis
539 350 557 367 et
573 349 685 367 manualibus
700 349 855 367 distribuclonibus
867 349 942 372 singulis

182 376 244 395 diebus
256 376 363 394 distribuant
374 377 392 394 et
403 376 489 399 equaliter
500 376 608 395 diuldantur.
631 376 707 394 Demum
715 381 757 394 vero
768 376 848 399 prefatus
860 376 942 394 deminus

181 403 265 422 Nicolaus
276 404 353 421 vicarius
365 408 386 421 ex
398 404 446 421 certe
460 404 537 421 seleucis
551 403 631 426 predicte
642 404 702 421 omma
717 404 735 421 et
749 403 819 426 singula
834 404 853 421 in
865 404 942 426 presenti

182 431 248 448 statuto
263 431 351 451 contente,
368 431 420 453 prout
435 431 503 451 sonant,
520 430 603 448 continuo
617 430 714 448 ratilicnnit
725 431 743 448 et
754 430 864 453 approbunt,
881 430 942 452 eisque

182 457 263 475 omnibus
276 458 293 475 et
304 457 379 479 singulis
391 462 502 478 consensum,
519 458 642 475 aucwntatem
656 458 674 475 et
685 457 775 475 decretum
787 462 869 480 expresse
880 457 941 480 presti-

181 485 203 502 tit
215 485 233 502 et
243 484 353 507 interposuit,
365 484 494 507 pronuncclans
502 485 520 501 et
527 484 619 502 declarans
626 485 724 507 prescripta
732 484 791 501 omnis
800 484 861 502 cedere
869 485 887 502 et
894 483 942 502 iacta

181 511 219 529 iore
231 510 253 528 ud
270 511 399 529 incrementum
417 511 475 529 cultus
492 510 553 532 diuini,
569 516 601 534 pro
617 511 663 529 beno
680 512 728 529 statu
744 512 762 528 et
777 510 855 528 euidenti
866 511 942 528 vtilitate

181 538 260 561 ipsorum
272 537 383 555 dominorum
394 538 514 555 statuenciuni
523 538 541 555 et
548 538 622 555 ecclesie
630 537 760 556 Poznanisnsis.
782 537 805 555 Et
817 537 941 555 nichilominus

181 564 262 587 prelatus
274 564 356 582 dominus
368 564 450 582 Nicolsns
462 565 539 582 vlcarius
552 565 569 582 et
580 565 623 582 dicti
635 564 702 582 domini
713 564 735 582 de
747 564 824 587 capitulo
833 564 942 582 concorditer

181 591 269 614 presentis
280 591 343 609 statuta*
355 592 373 609 et
382 591 499 609 ordinacionis
509 591 630 612 ratifieaeioni,
643 591 776 609 eonfirmecioni
787 593 806 609 et
818 591 941 614 approbwcioni

182 618 315 639 eorreccionem,
336 617 449 639 addicionem.
471 618 614 639 diminucionem,
634 618 786 636 modificeclenem
807 619 825 636 et
844 618 941 641 quamlibet

180 645 343 668 interpretecienem
359 644 427 667 pretato
442 645 539 663 reuerendi)
550 645 601 668 patr-L
620 645 690 663 domino
702 645 772 663 Andree
784 645 866 668 episcopo
877 645 941 663 Pozna-

181 672 238 689 niensi
249 673 370 689 reseruerunt:
382 672 504 694 promittentes
516 673 535 689 et
546 672 678 689 consencientes
694 671 803 689 concorditer
820 672 891 689 nemine
906 671 940 689 dis-

181 699 269 721 crepante,
284 698 331 721 quod
343 697 429 721 quidquid
440 699 458 716 ln
469 699 561 721 premissis
576 698 656 721 prefatus
668 698 750 716 dominus
768 699 861 721 episcopus
873 698 940 716 ordim-

180 726 231 746 uerit,
248 725 381 743 consumment
394 726 412 743 et
424 725 552 748 approbauerit,
569 726 667 746 correxerlt,
684 725 772 743 addiderit
782 725 812 743 uel
828 725 939 746 deminuerit,

181 752 215 770 hec
226 752 286 770 omnia
296 753 340 773 rats,
352 753 403 774 grata
415 753 433 770 et
443 752 497 770 firma
508 752 598 770 habebunt
605 753 695 775 perpetuo,
706 752 779 775 proinde
787 753 824 770 acsi
836 753 875 775 ipse
886 752 940 770 domi-

181 784 214 797 nus
226 779 320 802 episcopus
331 779 350 796 in
362 778 419 796 medio
431 779 510 802 ipsorum
522 779 643 801 capitulariter
654 780 672 796 et
683 784 724 797 cum
736 779 779 802 ipsis
791 780 811 797 ut
822 779 904 802 capitulo.
920 784 940 797 sc

180 806 215 829 ipsi
226 805 293 823 domini
309 811 350 823 cum
367 810 387 823 eo
399 806 491 823 statuisset
507 806 525 823 et
536 805 635 823 ordinasset
646 811 667 823 ac
678 806 783 824 statuissent
795 807 813 824 et
824 805 939 824 ordinassent⁴

180 832 200 850 In
211 837 286 855 quorum
298 833 377 850 omnium
389 833 407 850 et
418 832 528 855 singulorum
541 832 594 850 fidem
607 834 625 850 et
636 833 757 850 testimonium
765 833 892 856 premissorum
903 838 940 856 pre-

180 859 213 877 (au
225 859 291 877 domini
302 859 386 877 Nicolsus
397 860 474 877 vicarius
487 860 504 877 et
515 859 578 877 Petrus
590 859 668 877 decanus
680 864 713 877 suo
725 861 743 877 et
749 859 792 877 dIcti
801 860 873 882 capituli
885 860 941 877 norni-

180 886 232 904 nibus
244 887 335 909 presentes
346 886 408 904 literas
419 891 451 904 seu
463 891 536 909 presens
547 886 639 909 publicum
648 887 791 907 instrumentum,
804 887 890 904 statutum
902 891 939 909 pre-

181 912 248 931 dictum
260 914 279 930 in
290 918 310 930 se
322 914 431 931 continentes
443 918 475 931 seu
487 913 584 934 continens,
596 918 628 936 per
637 918 666 931 me
676 913 772 931 Iohannem
784 914 872 931 noterium
883 913 940 936 publi-

180 944 222 957 cum
233 941 251 957 et
262 940 353 962 gestorum
369 940 387 957 in
399 939 446 958 dicte
460 940 538 962 generali
550 940 626 963 capitulo
639 941 656 957 et
668 945 727 958 coram
739 940 782 963 ipsis
799 940 876 958 scribam
887 940 941 958 infie-

180 967 266 989 scrlptum
281 966 368 985 subscribi
384 968 402 984 et
416 966 508 990 publicari,
526 967 639 990 ipsorumque
654 967 718 989 sigillis
732 967 839 990 appensione
850 967 941 985 iusserunt

181 994 290 1011 communiri.
313 994 360 1011 Acts
371 995 414 1012 sunt
425 993 458 1011 hec
470 998 521 1014 suno,
533 993 637 1015 indiccione,
648 993 759 1017 pontificatu,
772 998 838 1015 mense,
851 993 884 1015 die,
896 993 941 1011 horn

181 1021 198 1038 et
212 1020 255 1041 loeo,
272 1020 336 1043 quibus
352 1025 411 1043 supra.
434 1020 547 1038 Presentibus
563 1020 693 1038 venerabilibus
709 1022 726 1038 et
743 1020 875 1038 honorhbilibus
891 1021 940 1041 viris,

180 1047 264 1065 dominis:
287 1047 359 1065 Nicolao
375 1047 397 1065 de
408 1047 485 1069 Sommw
497 1047 595 1068 scolastico,
612 1047 690 1065 Iohanne
705 1048 781 1068 cantore,
797 1047 851 1065 Paulo
867 1047 889 1065 de
901 1047 940 1065 One-
955 1047 957 1049 ’

147 1091 151 1094 ,
180 1075 237 1091 chorso
250 1074 372 1092 archidiacono
389 1074 493 1094 Srzemensi.
510 1075 605 1096 magistris,
622 1074 694 1092 Nicolao
706 1074 811 1097 Koslowsky
822 1076 841 1092 et
852 1074 940 1092 Strzesch—

181 1105 229 1122 cone,
241 1100 364 1119 Bartholomso
376 1101 480 1124 Reyncouis.
496 1101 589 1123 Bogusleo,
602 1101 652 1119 Petro
664 1101 750 1122 Nowiecz,
766 1101 842 1119 Iohanne
854 1101 876 1119 de
887 1101 940 1119 Scho-

180 1129 228 1149 lowo,
240 1127 312 1146 Nicolao
324 1127 434 1149 CzothczauL
449 1128 531 1146 Mirosiso
543 1128 565 1146 de
576 1128 645 1149 Bithin,
661 1128 733 1146 Nicolao
748 1128 848 1146 Lantliman
860 1129 878 1146 et
889 1128 940 1151 Slup-

181 1160 227 1173 cone
235 1155 258 1173 de
269 1155 380 1173 Schamotzm·
390 1155 463 1178 prelatis
475 1156 493 1173 et
504 1155 594 1173 canonicis
606 1155 652 1173 dicte
664 1155 748 1173 eccclesie
760 1155 889 1173 Poznaniensis.

260 1181 282 1199 Et
298 1186 331 1204 ego
347 1181 433 1200 Iohannes
449 1182 496 1199 Petri
510 1182 533 1199 de
550 1183 644 1204 Lupstmoo
656 1182 723 1203 maiori,
741 1182 815 1200 clericus
832 1182 940 1200 Gnemensis

180 1208 260 1230 diocesis,
272 1209 354 1231 publicus
366 1209 453 1232 imperiali
465 1209 569 1227 auctoritate
584 1209 664 1227 noterius
679 1210 697 1227 et
708 1214 767 1227 curam
778 1209 853 1232 prelatis
864 1209 940 1227 dominis

180 1235 252 1254 Nicolso
264 1235 286 1253 de
297 1236 350 1258 Kuku
361 1236 427 1253 vicario
439 1236 457 1253 in
469 1236 591 1258 spiritualibus
603 1237 621 1253 et
628 1235 679 1254 Petro
690 1235 713 1253 de
721 1235 802 1253 Catilina
810 1236 882 1257 decano,
894 1237 939 1254 cete-

180 1263 240 1285 risque
251 1262 324 1285 prelatis
336 1263 354 1280 et
365 1263 454 1280 canonicis
466 1263 569 1285 prescriptis
584 1263 602 1280 in
614 1262 692 1285 predicto
704 1263 782 1285 generali
794 1263 871 1286 capitulo
881 1264 940 1285 gesto-

180 1294 220 1307 rum
231 1289 294 1310 scriba.
312 1289 355 1307 dicti
366 1290 428 1307 statuti
440 1290 520 1307 vnanimi
536 1289 611 1307 edicioni
627 1291 645 1307 ct
656 1290 712 1312 ipsius
729 1290 860 1310 ratificuclouis,
877 1289 940 1308 contir-

172 1317 270 1337 ‘unedonis
286 1316 425 1339 approbacionis.
441 1317 561 1337 correctionis,
579 1316 681 1337 addicienis.
701 1316 831 1338 diminucionis,
849 1316 940 1334 modifice-
