1040 1506
194 88 216 105 22

194 141 235 154 vero
253 136 326 154 tercium
342 137 361 154 in
377 136 474 154 hereditate
490 141 530 154 mea
547 136 587 157 alie,
599 136 681 154 videlicet
692 137 751 154 Molcre
759 135 903 158 Μίοαιονκαυοῗ),
916 141 956 154 cum

194 163 244 181 horto
256 163 310 181 libero
322 168 377 186 penes
389 163 481 185 antiquum
493 163 605 185 cymiterium
617 164 635 180 et
646 168 700 186 prope
712 163 779 180 curiam
791 163 862 181 sculteti
870 163 956 184 contento,

194 191 231 213 ipse
243 191 261 208 et
272 191 301 207 sui
315 195 427 208 successores
442 191 481 208 sine
496 190 623 213 impedimento
638 190 692 208 libere
707 190 812 207 retinebunt.
835 190 904 208 Insiilas
915 195 956 207 vero

193 216 281 240 predictas
298 222 339 234 cum
355 217 411 234 hortis
428 217 503 239 singulis
521 217 572 234 annis
589 217 627 239 ipse
644 218 662 234 et
677 218 705 234 sui
720 222 831 234 successores
846 221 877 239 per
893 221 913 234 se
928 217 956 234 vel

196 244 239 261 aiios
251 243 349 261 secundum
367 244 423 266 ipsius
434 244 462 261 vel
474 244 552 266 ipsorum
570 244 654 266 placitum
671 243 754 265 desicere,
769 243 858 261 eradicare
873 244 891 261 et
907 244 957 261 extir-

193 275 235 293 pare
246 270 317 288 valeant
334 275 355 288 ac
373 270 445 288 easdem
461 271 553 296 meliorare
569 271 617 288 omni
633 270 759 293 impedimento
776 270 890 293 proculmoto.
913 270 956 288 Item

194 297 216 314 do
228 298 246 315 et
262 297 332 315 confero
348 297 426 320 predicto
439 297 510 315 domino
525 297 597 315 Nicolffl)
611 297 684 319 suisque
700 297 833 314 successoribus
844 298 863 314 in
875 297 956 314 omnibus

194 324 321 341 hereditatibus
334 324 383 344 meis,
398 324 448 341 siluis
463 325 481 341 et
495 324 551 341 horris
566 324 605 341 siue
620 324 726 344 nemoribus,
741 324 848 346 vbicumqne
859 324 878 341 in
890 323 956 341 eisdem

195 350 228 368 sibi
240 350 304 373 eligere
319 351 410 373 placuerit,
425 351 522 373 nonaginta
536 350 606 368 arbores
617 355 648 373 pro
661 350 757 373 mellificijs
772 351 857 371 valentes,
869 351 957 373 wlgariter

194 378 245 395 burez
259 377 316 398 dictis,
328 382 360 400 pro
371 377 447 395 uilitate
456 382 491 395 sus
498 382 606 399 suorumque
613 382 743 398 successorum,
755 377 802 400 quod
813 378 829 395 si
840 382 876 395 vna
886 377 956 395 illarum

194 405 279 421 corruerit
292 404 320 422 vel
332 404 464 425 annihilaretur,
479 405 543 422 extunc
555 404 608 422 aliem
619 404 657 422 loco
669 404 716 422 illius
732 404 779 422 licite
791 405 855 427 poterit
866 409 898 422 seu
909 405 957 427 pote-

193 431 229 448 rint
240 436 326 454 reperere.
350 431 423 453 Insuper
437 431 527 454 sepedicto
542 431 613 448 domino
628 431 699 449 Nicolen
711 432 729 448 et
741 431 778 448 suis
791 431 922 448 successoribus
934 430 956 448 do

194 459 211 475 et
223 458 302 475 conferto
317 462 373 475 vnum
387 458 481 475 macellum
496 457 571 475 liberum
587 458 605 475 in
620 457 698 480 predicto
715 457 784 480 oppido,
800 457 882 475 videlicet
896 458 956 479 opale-

194 489 250 506 nycza
262 485 321 507 quiete
332 485 350 502 et
364 484 440 507 pacifice
456 484 478 502 eb
489 485 537 502 omni
549 484 646 502 sulucionis
661 489 714 502 onere
724 484 851 507 possidendum
866 485 884 502 et
898 484 957 502 labore

194 511 257 533 quouis
279 512 385 534 exemptum.
408 511 491 529 Ceterum
507 510 610 528 firmissime
627 512 646 528 in
662 511 698 533 hijs
716 512 787 534 scriptis
803 511 889 529 confirmo
908 516 956 534 sepe-

193 537 240 555 dicto
252 537 323 555 domino
335 538 406 555 Nicolao
421 539 439 555 et
454 538 491 555 suis
507 538 638 555 successoribus
653 543 724 555 omnem
738 537 854 555 hereditatem
868 537 891 555 ad
902 538 955 555 eccle-

193 565 239 582 sium
255 564 277 582 ab
292 565 369 587 antiquis
384 564 507 582 fundatoribus
523 566 633 587 spectantem
645 570 666 582 ee
678 565 699 582 ab
711 565 779 582 eisdem
790 565 809 582 in
821 565 858 582 suis
870 564 955 582 limitibus

192 591 292 612 limitatam,
309 591 398 614 wlgariter
411 592 532 613 pomanmne.
551 591 572 609 eb
589 592 627 609 acie
645 592 692 609 curie
710 596 742 609 sue
759 591 858 609 inchoando
874 591 956 609 videlieet

194 623 262 640 agrum,
274 618 334 636 hortos
346 619 364 636 et
374 619 445 641 pratum
457 619 475 635 et
486 618 521 636 elia
532 623 601 640 queque
615 618 681 636 ibidem
695 618 841 636 circnmiacencia
852 623 863 635 a
874 618 955 639 dexteris,

193 644 301 662 transeundo
312 650 344 667 per
361 645 451 667 antiquam
463 645 511 662 viam
529 644 551 662 sd
568 645 684 663 hereditatem
700 645 841 667 Iaetrzebnylci')
860 649 916 667 vsque
933 644 956 662 ad

193 671 259 689 limites
271 672 355 694 Wuszoky
368 672 425 689 damb.
448 671 471 689 Ἑλ
485 671 518 689 hec
532 672 592 689 omnia
602 672 705 694 prescripta,
719 671 802 689 videlicet
816 676 884 693 agrum,
896 671 956 689 hortos

193 699 211 715 et
228 699 279 720 prete
297 699 336 721 ipse
351 699 370 716 ct
385 699 413 716 sui
430 703 541 716 successores
558 698 606 716 licite
622 699 640 716 et
656 698 710 716 libere
726 699 765 716 sine
778 698 905 721 impedimento
916 703 955 716 meo

193 730 351 747 successorumque
362 730 441 743 meorum
453 724 537 746 desicare,
553 725 654 743 exi-adicere
667 726 685 743 et
697 726 784 748 extirpare
799 730 821 742 ac
832 730 853 742 ea
864 725 956 743 meliorare

192 751 280 769 valebunt.
304 751 361 773 Quare
373 751 473 775 sepedictus
489 751 571 770 dominus
585 752 667 770 Nicoleus
681 753 744 774 suique
758 757 869 769 successores
881 752 956 774 singulis

193 778 256 796 diebus
275 778 372 796 sabbetiuis
389 784 443 796 vnam
460 779 534 796 missam
552 778 574 796 ad
589 779 661 796 laudem
678 780 696 796 et
711 779 796 796 honorem
813 779 884 796 Domini
901 779 956 796 nostri

192 805 245 823 ihesu
257 805 322 823 Christi
333 807 351 823 et
362 806 436 828 virginis
448 805 507 826 Mau-ie,
519 806 581 823 matris
593 806 631 823 eius
643 806 723 828 gloriose,
735 806 753 823 et
760 805 844 823 Omnium
852 805 956 823 Sanctorum

193 833 211 849 et
222 832 315 854 presertim
326 832 373 850 beeti
385 832 451 850 Mathie
466 832 540 855 apostoli
552 833 570 850 et
581 832 700 854 ewangeliste,
716 832 817 855 specialiter
831 833 892 850 temen
903 833 956 850 istam

195 858 314 876 venerabilem
326 859 400 876 missam
415 859 479 880 „Sslue
494 860 556 876 sancta
572 859 648 877 Parens¹⁴
664 859 693 877 vel
710 864 741 882 pro
758 858 810 876 festis
822 858 929 881 quibuslibet
939 860 958 876 et

193 885 244 903 beate
255 885 310 903 Mai-ie
323 886 398 908 virginis
410 886 483 903 missam
495 885 541 903 festo
553 890 649 908 congruam
665 886 736 903 cantare
749 886 778 903 vel
792 886 851 908 legere
863 885 956 906 debebunt,

193 913 212 930 et
229 912 305 934 singulis
321 912 384 930 diebus
399 912 492 930 dominicis
511 912 589 934 Quetuor
606 914 705 935 temporum
723 912 745 930 de
761 912 839 934 quolibet
856 917 902 930 anno
917 917 956 930 sese

194 939 277 957 continue
288 939 408 962 sequentibus,
420 939 490 962 vigilias
502 939 524 957 de
536 939 600 957 Sancto
612 940 630 957 et
641 939 686 957 lei-ia
697 939 776 957 secunda.
791 940 871 962 proxima
882 939 956 957 missam

193 971 224 989 pro
243 966 332 984 deiuncus
349 966 407 988 legere
426 966 454 984 vel
470 968 541 984 cantare
557 971 588 989 pro
608 966 700 984 animabus
715 967 817 989 prescriptis
833 966 869 983 sint
883 966 956 987 astricti,

193 992 316 1010 exhortacione
327 994 387 1010 tamen
401 992 424 1011 ad
439 993 524 1015 populum
540 993 614 1015 singulis
629 992 692 1010 diebus
707 993 800 1010 dominicis
815 993 886 1015 publice
897 992 957 1010 fienda

193 1024 224 1042 pro
240 1019 298 1037 salute
320 1020 419 1037 animarum
437 1019 557 1042 predictarum
576 1019 691 1037 deuotissime
709 1019 793 1037 studeant
812 1020 850 1037 sine
869 1019 957 1037 obliuoine

193 1046 278 1064 memorie
289 1046 417 1064 commendare.
440 1046 463 1064 Et
474 1047 490 1064 si
502 1046 559 1064 dictus
574 1046 656 1064 dominus
671 1046 754 1064 Nicoleus
769 1047 787 1064 et
802 1047 831 1064 sui
845 1051 957 1064 successores

194 1072 240 1091 dicte
252 1073 326 1091 ecclesie
337 1074 419 1094 rectores,
431 1073 498 1091 dictum
510 1073 590 1091 diuinum
605 1073 672 1091 cultum
689 1074 707 1091 in
718 1073 785 1096 vigiliis
801 1074 832 1094 sic,
847 1073 894 1095 quod
906 1073 957 1094 absit,

194 1100 257 1122 exequi
270 1100 384 1122 neglexerint,
396 1101 438 1117 tunc
450 1099 516 1117 dictam
531 1099 588 1117 iarine
599 1105 701 1118 mensuram
713 1100 792 1118 eiusdem
804 1100 907 1122 septimane,
923 1104 958 1122 qua

192 1126 269 1145 eandem
288 1127 365 1149 recipere
384 1126 492 1147 debuissent,
510 1132 546 1144 non
563 1126 658 1144 habebunt,
681 1126 742 1144 Eciam
762 1126 796 1144 hoc
816 1127 840 1144 sit
858 1127 957 1149 exceptum,

193 1153 240 1176 quod
258 1154 274 1171 si
293 1153 360 1171 dictum
378 1153 499 1171 molendinum
517 1154 546 1171 vel
564 1154 666 1171 molendina
677 1155 748 1171 vacaret
765 1154 805 1171 siue
821 1154 905 1171 vacarent
921 1158 957 1171 non

193 1180 280 1201 molendo,
292 1180 318 1198 ita
328 1181 393 1201 temen,
406 1180 453 1203 quod
463 1181 534 1198 tantum
542 1180 611 1198 duobus
623 1180 685 1198 diebus
695 1180 775 1198 eiusdem
784 1181 883 1203 septimane
892 1180 957 1198 molen-

193 1206 235 1225 dina
246 1207 337 1228 melei-ent,
349 1208 413 1225 extunc
427 1207 474 1224 idem
490 1207 572 1225 dominus
587 1207 670 1225 Nicolaus
686 1208 704 1225 et
719 1207 747 1225 sui
762 1212 874 1225 successores
886 1208 904 1225 in
916 1212 957 1229 quo-

192 1233 236 1251 libet
247 1233 347 1251 molendino
362 1233 384 1251 de
395 1234 473 1256 qualibet
488 1235 527 1251 rota
538 1234 565 1251 sic
580 1234 656 1251 molente
671 1233 752 1255 farinam,
764 1235 784 1251 vt
796 1234 913 1257 prescriptum
925 1235 956 1254 est.

193 1261 231 1278 sine
250 1261 298 1278 omni
316 1260 443 1283 impedimento
461 1260 566 1278 retinebunt.
590 1261 609 1278 In
628 1260 681 1278 huius
698 1261 724 1278 rei
741 1261 863 1278 testimonium
879 1260 957 1283 sigillum

193 1292 253 1305 meum
273 1287 385 1310 presentibus
405 1288 432 1305 est
450 1287 587 1310 subeppensum
611 1287 677 1305 Datum
699 1288 717 1305 et
732 1288 792 1305 actum
811 1288 830 1305 in
848 1288 957 1309 opulentam

193 1314 221 1332 dio
235 1315 293 1333 sancti
307 1314 398 1333 Michaelis
416 1313 522 1337 archangeli.
546 1314 658 1333 Presentibus
674 1314 762 1332 nobilibus
778 1315 821 1332 vin's
838 1315 856 1333 et
873 1314 956 1332 dominis:
