1040 1506
183 87 203 103 12

182 136 200 152 et
215 136 309 158 propterea
326 134 449 152 commendam
466 135 484 151 et
496 134 636 156 prorogationem
654 133 742 156 predictas
759 133 856 151 eorundem
871 133 946 150 fratrum

182 162 255 179 consilio
272 162 382 182 reuocantes,
400 162 463 182 castra,
481 161 532 181 bona,
550 160 624 181 fructus,
641 160 725 181 redditus,
743 161 845 183 prouentus,
862 159 946 180 decImas,

182 188 303 209 obuentiones,
319 187 449 205 iurisdictiones
461 188 479 205 et
490 188 530 205 iura
547 187 582 205 alia
597 187 676 210 predicte
695 187 718 205 ad
736 188 765 205 ius
784 188 802 204 et
820 187 946 209 proprietatem

182 215 256 233 ecclesie
268 216 285 232 et
299 219 360 232 mense
375 214 529 237 archiepiscopalis
543 214 651 232 Gueznensis
663 214 782 237 predictarum
794 214 856 231 eadem
871 214 946 231 auctori-

181 243 218 259 tate
233 241 371 259 mansissemus*
394 241 430 259 Nos
444 241 558 264 postmodum
572 240 683 263 quorundam
697 240 842 263 suggestionibus
853 241 872 258 et
882 241 946 263 impor-

181 269 229 286 tunis
247 268 340 291 instanciJs
358 268 461 291 propulsati,
482 268 606 285 commendam
621 268 719 291 predictam
736 272 793 290 nsque
810 267 833 285 ad
850 267 946 285 terminum

181 296 218 313 uite
229 295 294 318 prefati
305 295 388 313 Iohannis
403 295 481 318 episcopi
495 295 513 312 in
528 295 556 312 sui
570 294 637 312 roboris
652 295 737 312 firmitate
748 294 838 312 noluimus
849 299 946 314 remanere,

181 327 242 340 euram
254 323 272 340 et
292 322 463 339 administrationem
482 322 553 344 plenam
573 323 591 339 et
609 321 710 343 generalem
729 322 833 342 castrorum,
855 321 946 341 bonorum,

181 349 278 370 fructuum,
290 348 396 369 reddituum,
408 349 532 371 pronentuum,
547 348 660 369 decimarum,
675 348 801 366 obuentionum
813 349 831 365 et
842 347 947 365 iurisdictio-

180 381 224 393 num
239 375 359 398 predictorum
372 375 430 393 eidem
445 375 519 393 1ohanni
531 376 613 398 episcopo
630 374 652 393 de
664 380 710 393 nouo
722 374 846 395 commitendo,
863 375 916 397 prout
927 375 946 392 in

181 402 256 420 diuersis
271 403 337 420 nostris
350 402 392 420 iude
406 402 491 420 coniectis
503 402 572 423 litteris,
587 407 662 424 quarum
676 403 745 419 tenores
756 402 869 424 presentibus
880 401 946 419 habere

180 430 264 447 uolumus
276 434 307 452 pro
319 429 412 452 expressis,
424 429 494 452 plenius
506 429 623 446 continentur.
639 428 684 446 Cum
696 429 762 449 antem,·
773 429 820 446 sicut
832 428 855 446 ad
866 429 946 446 nostram

180 461 237 479 nuper
254 456 385 478 iidediffliorum
399 455 483 473 relatibus
502 455 598 473 deductum
616 455 651 473 fnit
667 455 754 476 notitiam,
770 456 858 478 separatio
870 457 888 473 et
899 460 945 473 com-

182 483 247 500 menda
265 482 344 505 predicte
361 483 380 500 ln
395 487 469 505 grauem
486 483 566 505 ipsarum
584 482 658 500 ecclesie
675 483 693 500 et
711 487 772 500 mense
790 482 945 505 archiepiscopalis

181 510 312 527 Gneznensium
329 509 414 527 lesionem
429 514 449 527 ac
463 509 587 527 nonmodicnm
599 509 679 527 eiusdem
690 509 802 532 Dobrogostij
817 509 945 531 archiepiscopi

180 537 198 554 et
217 536 343 554 iurisdictionis
365 541 397 554 sue
416 536 542 554 detrimentum
561 541 634 558 uergere
654 536 772 557 dinoscantur,
794 541 827 554 nos
848 535 945 553 earundem

180 563 255 581 ecclesie
272 564 290 581 et
304 568 366 581 mense
377 563 532 586 archiepiscopalis
544 563 675 581 Gneznensium
687 562 838 583 indemnitatibus,
854 564 907 585 prout
923 567 944 580 ex

180 590 258 613 suscepti
280 590 388 613 apostolatus
410 590 470 607 officio
491 591 577 610 tenemur,
601 589 692 607 consulere
711 594 732 607 ac
751 589 809 607 eidem
827 589 944 612 Dobrogostio

180 616 312 639 archiepiscopo
328 617 347 634 in
363 617 455 639 premissis
472 618 547 639 paterna
563 616 675 634 solicitudine
689 615 782 639 prouidere
793 616 878 637 uolentes,
895 617 945 634 motu

179 644 249 666 proprio
263 648 298 661 non
312 643 335 661 ad
350 644 406 666 ipsius
420 643 533 666 Dobrogostij
549 643 677 666 areldepiscopi
691 643 719 661 uel
731 643 804 661 alterius
818 648 849 666 pro
861 648 882 661 eo
893 643 944 661 nobis

179 675 232 693 super
247 670 281 688 hoc
299 670 357 688 oblato
368 671 459 693 petitionis
476 671 585 691 instantiam,
605 670 636 688 sed
655 670 677 688 de
697 671 757 688 nostra
773 672 825 687 mera*
839 670 944 688 liberalitate

178 697 314 719 separationem,
331 697 458 718 liberationem,
476 697 619 718 reseruationem,
636 696 759 715 commendam
773 698 791 714 et
802 697 944 719 prorogationem

178 723 267 746 predictas
279 729 300 741 ac
311 724 379 741 litteras
391 729 512 746 quascumque
527 724 584 741 eidem
598 723 671 741 Iohanni
683 724 765 746 episcopo
777 728 831 746 super
842 723 944 741 huiusmodi

179 750 285 769 commenda
296 751 329 769 sub
341 756 453 773 quacumque
468 751 526 769 forma
538 751 567 769 uel
578 751 691 774 expressione
702 750 797 768 uerborum
809 756 908 772 concessas,
924 756 945 768 ex

178 777 270 800 premissis
282 778 300 795 et
311 778 352 800 alijs
363 778 497 796 rationabilibus
514 778 579 799 causis,
597 777 619 795 ad
636 777 654 795 id
671 779 751 795 nostrum
767 777 892 795 inducentibus
909 778 945 795 arii·

180 809 235 825 mum,
247 805 352 822 auctoritate
363 804 443 827 predicta
453 806 514 822 tenore
529 805 638 828 presentium
650 809 672 822 ex
687 806 736 822 certa
750 805 819 822 scentia
833 809 944 825 renovamus,

179 835 271 849 cassamus
283 832 301 849 et
312 832 402 849 irritamus
414 836 435 849 ac
446 832 512 849 nullius
525 837 564 849 esse
575 832 658 849 uolumus
670 831 737 849 roboris
754 831 784 849 uel
801 832 891 852 momenti,
906 836 944 854 pre-

179 857 227 875 dicta
244 859 308 879 castra,
325 858 377 879 bone.
397 858 472 879 fructus,
493 858 578 879 redditus,
596 859 698 881 prouentus,
720 858 804 879 decimas,
823 858 944 879 obuenuones,

179 885 197 902 et
209 884 244 902 alla
261 885 300 902 iura
317 884 340 903 ad
354 885 383 903 ius
400 886 418 903 et
437 886 562 908 proprietatem
581 885 655 903 ecclesie
676 886 694 903 et
713 890 774 903 mense
789 885 944 908 archieplseopalis

179 911 309 929 Gneznenslnm
320 912 440 934 predictarum
450 917 519 930 necnon
527 912 550 930 ad
561 912 694 933 subiectionem,
705 912 846 930 iurisdictionem
858 913 876 930 et
887 913 945 935 potes-

178 938 233 955 tatem
245 938 309 961 pietati
321 938 433 962 Dobrogostij
446 940 464 956 et
475 944 599 957 successorum
611 944 689 960 suorum,
705 939 878 962 archiepiscoporum
890 939 944 957 Gnez-

179 965 266 986 uenslum,
286 966 317 987 qui
335 966 387 983 erunt
403 971 434 988 pro
452 967 536 988 tempore,
552 965 615 983 eadem
632 966 737 983 auctoritate
751 966 831 988 plenaria
841 965 944 984 reducimus

178 996 210 1014 per
228 993 325 1014 presentes,
344 992 453 1015 pretatisque
471 993 489 1010 et
507 992 642 1015 quibuscunque
661 993 701 1015 al‘u's
712 993 776 1010 litteris
796 992 853 1010 eidem
871 992 944 1010 Iohanni

179 1019 262 1041 episcopo
273 1024 327 1041 super
343 1019 444 1037 huiusmodi
461 1019 567 1037 commenda
578 1020 673 1040 concessis,
690 1020 706 1037 si
717 1024 752 1042 qne
764 1020 862 1042 appareant
873 1019 895 1037 de
906 1025 943 1042 pre-

177 1045 223 1062 senti
242 1045 271 1063 uel
288 1045 399 1068 apparebunt
419 1047 438 1064 in
455 1046 541 1067 iuturum,
563 1046 582 1064 in
599 1046 664 1064 iudicio
682 1046 710 1064 uel
728 1047 777 1064 extro
794 1046 885 1067 iudicium,
906 1046 944 1064 ubi-

178 1076 247 1094 cunque
259 1072 336 1090 exhibite
353 1073 419 1090 suerint
429 1073 459 1091 uel
471 1075 546 1094 ostense,
564 1073 632 1090 nullam
643 1073 715 1095 penitus
726 1073 809 1091 uolumus
824 1073 880 1091 fidem
895 1073 944 1091 adhi—

177 1098 220 1119 beri,
235 1099 390 1117 constitutionibus
402 1100 503 1122 apostolicis
515 1101 533 1117 et
544 1100 585 1122 allis
597 1100 690 1122 contrua-ijs
702 1105 737 1117 non
748 1100 861 1118 obstantibus
872 1100 944 1122 quibus-

177 1130 252 1148 cunque.
276 1125 312 1143 Noa
326 1126 399 1149 insuper
411 1132 480 1145 exnunc
491 1127 562 1144 initum
573 1126 685 1145 decernimus
697 1127 715 1144 et
726 1127 783 1148 inane,
799 1127 815 1145 si
826 1132 879 1145 secus
890 1132 945 1150 super

176 1152 212 1175 hijs
224 1157 235 1170 a
246 1158 335 1175 quoquam
347 1154 410 1176 quouis
418 1154 522 1171 auctoritate
529 1154 606 1172 scienter
617 1154 646 1171 uel
653 1154 755 1176 ignoranter
764 1154 858 1176 contigerit
870 1155 944 1176 attemp-

175 1180 214 1197 tari.
237 1179 285 1197 Nulli
300 1185 341 1202 ergo
356 1181 415 1198 omino
432 1180 524 1198 hominnm
544 1181 596 1198 liceat
613 1180 660 1199 hane
677 1181 761 1203 paginam
775 1182 836 1198 nostre
847 1181 943 1198 renoeatio-

177 1206 210 1227 nis,
223 1207 332 1228 cassationis,
347 1207 455 1228 irritationis,
471 1207 585 1228 reductionis,
601 1208 732 1225 constitutionis
744 1208 762 1225 et
772 1207 870 1225 uoluntatis
882 1207 944 1225 inirin-

175 1237 217 1254 gere
229 1233 258 1250 uel
270 1233 286 1250 ei
298 1238 343 1251 ausu
355 1234 448 1252 temerario
464 1235 558 1255 contraire;
575 1235 591 1252 si
603 1234 642 1257 quis
661 1235 720 1252 autern
737 1234 771 1252 hoc
783 1235 889 1257 attemptare
905 1239 944 1257 pre-

176 1260 278 1282 sumpserit,
295 1260 435 1282 indignationem
453 1261 579 1284 omnipotentis
597 1261 630 1278 Dei
648 1262 666 1279 et
682 1261 775 1278 beatorum
794 1261 840 1279 Petri
858 1262 876 1279 et
893 1261 944 1279 Pauli

177 1286 297 1308 apestolorum
314 1287 352 1304 eius
370 1292 389 1305 se
406 1289 476 1305 nouerit
492 1288 612 1305 incursurum.
635 1288 702 1305 Datum
721 1287 776 1305 Rome
795 1288 843 1310 apud
859 1289 943 1306 sanctum

175 1312 247 1331 Petrum
260 1313 316 1331 XVIII
328 1313 413 1333 kalendas
430 1314 526 1338 Februarij,
544 1314 658 1339 pontificatus
674 1315 729 1332 nostri
741 1320 787 1333 anno
799 1314 908 1332 duodecimo.
921 1325 943 1328 —
