1040 1506
813 84 848 101 229

86 132 175 155 parandis.
199 132 249 154 Quod
260 137 302 150 uero
314 132 395 150 deductis
410 133 462 151 dictis
477 134 548 151 centum
564 134 582 150 et
596 133 669 155 triginta
680 133 745 150 marcis
757 132 848 155 supererit,

88 160 115 177 sic
126 159 205 177 decreuit
216 159 319 182 dispensari,
335 161 355 177 ut
366 164 397 182 pro
410 160 535 180 anniuersario,
550 160 653 182 parentibus
665 161 683 177 et
694 160 754 182 ipsi(s)
765 159 848 177 defuncto

87 191 119 209 per
130 186 231 209 plebanum,
250 186 338 204 alt-aristas
350 188 368 204 et
379 187 454 204 ficarios
471 187 545 204 ecclesie
562 186 676 209 parrochialis
692 187 770 204 ciuitatis
785 186 848 204 Poznn-

88 213 155 231 niensis
166 214 251 236 perpetuo
265 213 352 231 seruando
364 213 428 231 cedant
442 213 504 231 decem
516 218 574 231 marce
586 219 627 231 cum
639 218 693 231 censu
705 218 742 234 suo,
758 213 848 231 residuum

88 245 136 261 uero,
153 240 224 262 siquid
235 240 349 263 superfluent
366 241 414 263 sssig
431 254 434 257 i
448 255 451 258 .
464 246 467 250 ·
481 255 484 258 .
502 241 539 263 pro]
557 240 664 263 pauperibus
682 240 774 263 hospitalis
792 241 849 257 sancti

89 267 164 290 Spiritus
177 268 218 285 anie
229 267 340 288 Pozneniem,
353 268 409 285 eciam
421 273 462 285 cum
474 272 529 285 censu
540 272 577 285 suo.
600 267 644 285 Item
659 267 703 285 alies
718 267 798 284 residuus
810 272 849 284 cen<

89 295 127 311 tum
139 299 208 311 marcas
221 295 264 317 aput
278 294 355 312 nobilem
367 294 483 312 Vincenclum
497 294 580 312 heredem
595 295 613 312 in
627 294 749 312 Schamothuli
764 294 849 311 bonorum

89 321 132 338 dicti
143 320 202 338 cleriei
214 320 293 338 defuncti
305 321 343 344 ipse
356 335 359 338 .
373 335 376 338 .
389 335 392 338 ⁴
406 335 409 338 .
421 321 555 339 Bartholomeus
567 321 700 344 prenominatus
708 321 807 343 assigneuit
818 325 849 343 pro

89 347 139 365 altari
154 347 212 370 aliquo
227 347 318 365 fundando
335 349 353 365 et
369 347 446 366 dotando
462 349 480 365 in
496 348 571 366 ecclesia
586 348 682 365 cathedrali
699 347 814 365 Poznsniensi
831 348 850 365 in

89 374 173 392 honorem
187 374 270 392 Omnium
282 374 378 395 doctorum,
397 375 521 397 magistrorum
538 376 556 392 et
567 375 661 392 scolarium
672 376 774 392 sanctorum
787 374 850 396 [collla-

89 402 139 419 cione
150 406 182 419 seu
194 402 335 424 iurepatronatus
347 402 403 424 ipsius
415 401 475 419 altaris
487 402 521 419 sibi
533 402 556 419 ad
563 403 624 422 vitam,
635 403 676 424 post
687 401 720 419 hoc
729 401 775 419 dicte
786 401 850 419 Kathe-

88 429 127 446 rine
137 429 156 446 et
167 428 257 450 Aggnethi
268 429 317 446 vxor-i
328 428 398 451 prouidi
410 429 480 446 Hem-ici
492 429 537 446 ciuis
548 428 672 446 Poznaniensis
683 433 704 446 ac
712 433 772 446 eorum
780 428 850 450 Aggne-

90 454 120 472 the
131 456 149 472 et
160 455 230 473 Hem-ici
242 455 309 473 liberis:
321 455 399 476 Iohanni,
411 455 463 476 Luce,
475 455 555 476 Henrico,
567 455 632 473 Mnthie
644 456 662 473 et
673 455 724 473 Petro
736 456 754 473 et
761 455 850 477 Gregorio,

89 486 158 499 necnon
173 481 247 499 Erasmo
263 482 314 499 fratri
331 482 387 505 ipsius
405 482 471 500 domini
487 482 606 500 Bartholomei
622 483 640 499 et
655 482 727 500 Nicolao
743 482 780 499 iilio
794 482 850 504 ipsius

89 508 164 529 Erasmi,
176 513 223 526 nunc
234 508 341 529 viuentibus,
357 509 457 526 reseruntis.
480 509 522 527 Post
539 514 599 527 eorum
616 514 658 526 uero
676 509 744 526 obitum
760 508 807 526 idern
822 509 851 526 ius

90 536 194 558 patronatus
207 535 229 553 ad
241 536 338 558 capitulum
351 536 424 553 ecclesie
439 535 564 553 Poznaniensis
576 535 681 553 cathedralis
695 535 804 556 deuoluatur,
821 536 851 556 ita,

91 563 110 580 ut
122 563 160 585 ipso
173 562 223 580 altari
234 563 310 580 vacante
326 568 358 586 pro
375 563 484 585 predicatore
499 563 523 580 sit
534 562 647 585 stipendium,
665 564 683 580 et
698 563 736 586 ipse
748 562 852 585 predicator,

93 594 147 612 quam
158 589 190 607 diu
201 589 281 607 oiflcium
299 589 426 612 predicacionis
441 591 459 607 et
471 589 587 607 confessionis
606 595 637 612 per
654 594 674 607 se
691 590 780 610 exercerit,
796 590 852 612 ipsius

92 616 152 634 altaris
164 617 188 634 sit
199 621 252 634 verus
263 617 321 634 rector
332 617 350 634 et
362 617 439 634 cessanti
450 616 473 634 ab
485 616 544 634 officio
559 616 686 640 predicacionis
702 617 720 634 et
731 616 852 637 confessionis,

90 643 145 661 altare
165 643 216 662 cedat
232 643 346 665 surrogando.
370 643 457 666 Dictaque
477 643 549 661 domina
565 643 661 661 Katherina
678 644 765 666 premissa
783 643 852 666 proprio

91 671 144 691 motu,
159 671 222 693 sponte
234 671 252 688 et
263 670 372 691 cordetenus,
385 671 405 688 ut
417 671 502 693 apparuit,
515 675 555 688 curn
567 671 667 692 graciarum
675 671 746 688 acclone
758 670 852 690 consensit,

90 697 200 720 promittens,
218 697 265 719 quod
281 702 313 715 nec
326 697 379 715 uerbo
391 702 424 715 neo
435 697 482 715 facto
494 702 526 720 per
541 702 561 714 so
577 697 605 715 uel
622 702 654 720 per
670 697 724 714 alium
741 701 852 719 quocumque

90 724 158 746 quesite
175 724 232 741 colore
243 729 328 746 vmqusm
346 725 434 747 premissa.
452 724 481 741 uel
500 723 571 746 aliquod
588 729 649 742 eorum
660 724 703 741 velit
720 723 805 746 impedire
823 723 852 741 uel

93 750 179 773 impedire
196 756 290 774 procurare
301 751 335 768 sub
347 756 393 774 pena
409 751 515 774 pel-dicionis
527 756 581 774 supra
592 750 626 769 sibi
642 751 778 773 assignatorum,
794 755 853 773 quam,

93 778 108 795 si
120 778 249 799 contrafecerit,
265 782 286 795 eo
297 778 335 800 ipso
348 778 400 796 debet
411 779 429 795 et
440 778 472 795 wlt
482 778 571 799 incidisse,
583 778 657 801 ipsoque
674 778 708 795 sibi
725 778 816 800 assignata
833 782 854 794 eo

94 805 132 827 ipso
151 804 174 822 ad
193 804 312 822 cathedralem
332 806 350 822 et
367 805 495 827 parrochialem
514 805 598 822 eccleslas
614 806 632 822 et
647 804 735 827 hospitale
753 805 855 827 supratacta

92 831 144 849 modo
155 832 248 854 premisso,
264 832 311 849 sicut
325 836 357 854 per
368 832 424 854 ipsius
436 831 531 849 Katherine
546 833 626 852 mortem,
643 832 668 849 its
679 836 711 854 per
722 832 760 849 eius
772 836 854 853 quocum·

92 863 125 880 que
140 859 209 881 quesilo
227 858 283 876 colore
300 858 459 876 contradiccionem
476 858 593 876 devoluantur
609 859 627 875 et
643 863 704 876 eorum
719 858 762 878 sint;
782 858 855 880 triginta

92 890 133 902 uero
145 890 210 906 marce,
227 890 271 907 quas
288 885 328 908 ipsa
339 885 440 906 Katherina,
459 886 479 902 ut
493 890 552 908 supra,
567 884 671 907 disponitur,
688 885 775 908 potuisset
787 885 805 902 in
816 885 854 902 suls

93 912 176 929 extremis
188 912 258 934 legasse
270 911 293 929 ad
304 912 391 929 dictarum
403 911 509 929 cathedralis
522 913 539 929 et
550 911 664 935 parrochialis
677 912 791 929 ecolesinam
802 911 855 929 labri-

92 944 127 960 css,
139 939 190 962 equis
201 938 314 962 porcionibus
329 938 424 957 diuidendo
439 938 556 956 deuoluuntur
571 943 591 956 eo
603 939 646 961 ipso*
669 938 806 961 Petiueruntque
817 939 854 956 tum

92 966 131 988 ipsa
142 965 244 986 Kathen‘nn,
256 971 310 988 quarn
322 965 404 983 dominus
416 965 551 983 Bartholomeus
563 965 652 988 predictus
664 965 719 983 frater
730 966 768 983 eius
780 970 811 988 per
823 970 855 983 nos

93 992 173 1015 predicta
188 993 290 1015 approbare.
302 993 321 1010 in
333 994 373 1010 acta
384 993 438 1015 recipi
450 993 468 1010 et
479 992 542 1010 litteris
554 993 657 1015 opportunis
671 992 753 1010 roborari.
777 992 813 1010 Nos
824 992 856 1014 igi-

95 1020 124 1037 tur
135 1019 211 1037 Michael
222 1019 290 1042 Blydeu
303 1019 413 1037 decretorum
425 1019 486 1037 doctor
497 1021 530 1036 elc.
542 1024 603 1037 eorum
615 1019 707 1037 deuocioni
717 1019 856 1036 condescenden-

94 1047 125 1067 tes,
141 1047 230 1069 premissa
242 1047 260 1064 et
271 1051 332 1064 eorum
344 1046 434 1068 quodlibet
449 1046 471 1063 do
482 1046 555 1069 speciali
567 1046 650 1063 mandato
662 1045 705 1063 dicti
717 1045 783 1063 domini
795 1046 855 1067 nostri,

93 1072 160 1090 domini
171 1073 218 1090 Petri
230 1073 308 1096 episcopi
320 1073 445 1090 Poznaniensis
456 1073 497 1090 viue
509 1073 557 1090 vocis
569 1073 639 1090 oraculo
651 1073 702 1090 nobis
714 1072 766 1093 iacto,
778 1073 855 1095 suscepi-

92 1105 131 1118 mus
143 1101 161 1118 et
175 1099 299 1123 approbamus,
316 1100 355 1117 rata
366 1101 384 1117 ot
395 1101 446 1122 grata
457 1099 548 1120 habentes,
566 1100 584 1117 in
596 1100 629 1117 Dei
641 1100 712 1117 nomine
723 1100 742 1117 in
754 1099 789 1122 hiis
801 1100 854 1122 scrip-

91 1127 114 1144 tis
126 1126 258 1148 confirmamus,
271 1126 370 1145 inhibentes
382 1126 487 1147 dietrico-ius,
499 1131 522 1144 ne
534 1127 574 1149 quis
582 1127 710 1149 cuiuscumque
720 1126 854 1149 preeminencie,

92 1153 189 1176 dignitatis,
204 1155 267 1175 status,
286 1153 394 1171 condicionis
405 1154 434 1171 uel
446 1158 498 1171 sexus
510 1153 569 1175 fuerit,
585 1154 677 1176 premissis
689 1153 718 1171 uel
730 1158 790 1170 eorum
802 1153 855 1171 alicui

91 1181 178 1198 contraire
189 1182 256 1198 temere
272 1182 364 1203 presumat
381 1180 410 1198 uel
421 1180 552 1203 quomodolibet
568 1185 589 1198 ea
603 1180 689 1203 impedire
706 1180 735 1197 uel
751 1180 854 1202 inii-iugem

91 1207 238 1225 contrafacientes
250 1208 298 1225 enim
309 1207 451 1230 indignacionem
468 1207 501 1224 Dei
516 1207 641 1230 omnipotentis
653 1208 672 1224 et
682 1207 775 1224 beatorum
787 1208 855 1230 aposto-

91 1234 148 1252 lorum
159 1234 207 1252 Petri
218 1235 236 1252 et
247 1234 298 1252 Pauli
309 1235 362 1257 atque
374 1235 453 1252 nostram
465 1234 571 1252 ordinm-inm
584 1234 773 1251 excommunicacionis
785 1234 854 1251 senten·

91 1261 142 1282 ciam,
158 1266 212 1284 quam
225 1261 245 1279 in
256 1261 292 1284 hijs
303 1261 374 1284 scriptis
386 1260 459 1278 ferimus
471 1261 490 1278 in
501 1260 535 1278 Dei
547 1261 623 1282 nornine,
635 1266 656 1278 oo
667 1261 706 1283 ipso
714 1265 784 1278 exnunc
795 1260 854 1278 decer-

91 1288 150 1305 nimus
161 1289 180 1306 et
190 1287 273 1306 volumus
285 1288 373 1305 incidisse.
397 1288 417 1305 In
429 1292 504 1310 quorum
519 1288 599 1305 omnium
614 1288 633 1305 et
647 1287 757 1310 singulorum
770 1287 825 1305 iidem
837 1288 855 1304 st

91 1315 212 1333 testimonium
227 1315 360 1338 premissorum,
375 1315 467 1338 presentes
478 1315 548 1332 nostras
561 1314 694 1337 epprobacionis
706 1315 724 1332 et
735 1313 855 1332 confirm-cio-
