1040 1506
189 83 222 101 200

189 134 280 156 presentes
297 133 347 151 litere
364 132 481 156 peruenerint,
498 132 580 151 volumus
597 138 636 151 esse
653 134 720 154 notum,
737 131 784 156 quod
799 137 840 151 cum
857 136 913 156 nuper
930 131 952 151 de

190 165 236 177 anno
247 159 319 177 Domini
331 160 424 177 millasimo
436 160 610 182 quadringentesimo
626 160 700 181 decimo,
716 165 748 183 per
762 160 866 183 Magistrum
878 161 896 178 et
907 159 951 178 ordi·

189 192 230 204 nem
242 186 371 204 Cruciierorum
388 187 410 205 de
421 187 499 209 Prussya
517 192 558 205 cum
575 192 636 205 eorum
653 187 769 210 complicibus
786 187 837 205 nobis
853 188 871 205 et
887 187 951 205 illustri

189 214 264 236 principi
283 213 354 231 domino
373 214 479 231 Allexandro
499 214 543 231 alias
562 214 658 236 Wythowd
675 219 740 236 magno
756 214 797 232 duci
813 214 917 236 Lythwnnie
933 215 952 231 ot

189 240 257 261 Russie,
269 240 310 258 frati
322 242 381 258 nostro
393 240 459 258 bellum
471 246 492 258 ex
504 241 563 258 causis
571 241 630 258 minus
642 241 694 258 iustis
705 241 793 259 hostiliter
804 242 872 258 motum
882 240 951 261 fuisset,

189 268 268 290 ipsisque
279 272 310 290 per
321 272 353 285 nos
370 268 388 285 et
403 269 472 285 nostros
490 268 615 290 omnipotentis
632 268 666 285 Dei
683 267 769 285 adiutorio
780 267 839 285 valide
853 268 950 290 prostratis,

189 294 212 311 ad
230 294 277 312 fines
297 295 379 317 territorii
400 295 512 317 episcopatus
532 299 564 312 sen
583 295 657 312 ecclesie
672 294 788 312 Warmiensis
807 295 869 317 paucis
888 294 951 312 diebus

189 321 268 338 decursis
285 321 372 342 venimus,
391 321 515 344 intellectoque
534 321 600 339 ibidem
619 322 676 344 ipsius
693 321 767 339 ecclesie
785 321 832 339 bons
849 321 950 342 consistere,

189 347 263 365 eandem
281 348 374 365 ecclesiam
391 348 448 371 primo
466 349 484 366 et
500 348 544 366 alins
558 348 642 366 ecclesias
660 353 681 366 ac
692 349 771 371 ipsarum
782 348 829 366 bone
840 349 858 365 et
869 347 949 365 subditos

189 374 221 392 Dei
233 375 251 392 et
262 374 340 397 predicte
352 375 426 393 ecclesie
434 380 454 393 ac
463 376 561 393 ceterarum
569 375 683 393 ecclesiarum
691 376 737 393 terre
748 375 819 393 Prussie
827 375 949 397 episcoporum

189 401 283 419 laudabilis
294 401 342 419 fame
358 402 423 419 intuitu
435 407 446 420 a
457 402 582 420 deusstacicne
594 403 612 420 et
623 402 710 425 dampnis,
727 403 814 424 quantum
828 402 879 419 nobis
893 402 948 424 possi-

189 428 224 446 bile
235 429 297 449 extitit,
309 428 449 451 prcseruandum
460 428 549 450 duximus,
564 428 587 446 ad
598 429 646 446 viam
662 429 715 447 alium
727 429 749 446 ab
760 428 856 446 earundem
868 428 949 446 ecclesia-

188 460 229 473 rum
243 456 335 473 territoriis
350 455 461 476 declinand03
484 455 557 473 demum
573 460 615 473 vero
633 457 702 478 arrepto
721 460 753 479 per
770 455 857 473 illustrem
875 455 949 473 iratrem

189 483 274 503 nostrum,
289 487 375 504 magnum
392 482 456 500 ducem
467 482 571 505 predictum,
588 483 651 500 itinere
668 482 691 500 sd
705 482 837 505 subiugmdum
852 483 870 500 et
881 487 949 504 compc-

189 509 275 527 scendum
286 509 362 531 quedam
377 509 452 532 predicti
463 509 529 527 ordinis
546 509 633 527 territoria
649 510 667 527 et
680 510 743 530 eastra,
760 514 794 532 que
806 509 856 527 nobis
868 509 949 526 resistere

189 536 302 557 conabantur,
318 536 425 554 reuerendus
439 536 457 553 in
469 535 538 554 Christo
549 537 604 559 peter,
620 536 702 554 dominns
713 536 805 557 Hem-icus,
819 536 888 559 prefate
899 535 949 553 War-

189 563 262 581 miensis
277 563 351 581 ecclesie
365 563 464 586 episcopus,
480 562 502 581 ad
513 563 620 581 instanciam
635 563 745 585 quorundam
757 562 920 581 commendatorum
932 563 950 580 et

188 590 264 607 fratrum
280 589 302 608 de
318 590 402 612 Lyuonia,
420 595 439 607 se
456 589 503 613 apud
519 590 586 608 dictum
605 595 690 612 magnum
705 590 769 608 ducem
783 590 857 608 fratrem
869 590 949 607 nostrum

188 617 294 639 interposuit
304 618 322 634 et
333 622 369 635 vna
380 622 421 634 cum
435 616 577 634 commendatore
589 616 611 634 de
622 617 720 639 Goidingen
732 618 750 634 et
761 621 826 639 magno
837 617 949 640 procuratore

189 643 211 661 de
222 643 306 666 Lyuonio,
322 644 352 666 qui
363 643 397 661 sub
409 644 465 666 ipsius
476 643 537 661 irati-is
548 644 604 661 nostrl
615 643 665 661 saluo
677 643 771 664 conductu,
786 644 812 661 eis
827 648 858 666 per
873 643 949 661 eundem

188 670 261 688 tratrem
273 671 353 688 nostrum
370 670 392 688 ad
408 671 513 693 peticionem
531 670 573 688 dicti
585 670 652 688 domini
667 671 745 693 episcopi
761 671 840 693 prestito,
857 671 950 693 propterea

189 697 212 715 ad
228 698 288 720 ipsum
305 697 378 715 fratrem
394 698 474 715 nostrum
485 698 575 718 venerant,
591 698 673 719 treugam
684 698 733 720 pacis
751 697 773 715 ad
785 697 892 719 quindenam
903 697 950 715 inter

188 729 220 742 nos
232 724 315 742 hincinde
327 725 344 741 et
355 724 406 742 nobis
418 724 528 745 adherentes,
544 725 655 747 preterquam
670 725 765 742 existentes
776 724 795 742 in
807 725 864 742 casoro
876 724 949 742 Marion·

188 751 233 773 burg
244 750 320 769 firmiter
331 750 460 769 obseruandum
475 752 563 772 tractauit,
579 752 605 769 sic
616 750 664 773 quod
675 752 709 774 ipsi
724 750 875 769 commendatores
887 752 905 768 et
915 751 950 768 ira-

188 779 224 795 tres
236 777 258 795 de
269 778 349 800 Lyuenia
360 777 407 795 infra
418 778 527 800 quindenam
538 778 640 795 huiusmodi
652 783 693 795 cum
704 778 787 796 trecentis
800 778 850 800 equis
861 777 895 795 sub
907 777 949 795 dicti

188 804 255 822 domini
267 805 327 827 magni
342 804 398 825 ducis,
413 804 473 822 nan-is
486 805 542 822 nostri
553 809 616 822 securo
633 806 651 822 et
663 805 713 822 saluo
725 804 818 825 conductu,
836 804 859 822 ad
870 805 949 822 nostram

188 832 206 849 et
217 832 273 854 ipsius
285 831 345 849 fratris
356 831 412 849 nostri
423 832 534 854 presenciam
550 832 591 849 ante
606 831 674 849 dietum
688 833 766 849 casu-um
777 831 891 854 Marlenburg
901 832 949 849 veni·

188 859 232 879 rent,
243 859 264 876 vt
274 858 340 875 ibidem
352 858 374 876 de
386 859 469 881 perpetue
481 859 531 881 pacis
547 858 663 876 obser-cancia
674 859 692 876 et
704 858 797 876 sedacione
808 863 917 880 gwerrarum
928 863 949 876 ac

187 885 245 902 litium
260 886 320 907 posset
335 885 381 902 inter
392 889 424 902 nos
436 885 519 903 hincinde
531 885 642 903 comcdosius
653 885 764 908 pertractem
780 890 842 903 verum
857 886 877 902 ut
888 885 949 902 intele-

188 912 252 933 ximus,
268 911 380 935 supradictus
392 911 500 929 reuerendus
511 913 566 934 pater,
576 912 693 929 Warmiensis
705 912 804 935 episcopus,
819 912 871 934 quasi
881 912 900 929 in
911 916 949 934 pre-

189 939 248 956 missis
264 940 282 956 et
293 938 333 961 alijs
348 939 395 956 inter
405 944 438 956 nos
449 938 502 956 iactis
514 939 533 956 et
544 939 624 956 tractatis
639 938 706 961 aliquid
717 940 779 956 contra
790 938 889 961 predictum
900 938 949 957 Ordi-

188 970 229 983 nem
237 965 349 983 machinatus
361 965 419 986 fuerit,
431 970 495 988 graues
503 965 638 988 obioqucionum
647 965 737 983 molestias
749 966 766 983 et
778 966 850 983 exilium
861 965 883 983 ab
895 965 949 983 eccle-

188 993 215 1010 sia
226 997 259 1010 sua
274 993 335 1010 contra
346 992 404 1010 Deum
416 993 434 1010 et
444 993 534 1010 iusticiam
545 997 609 1015 passus
621 993 648 1010 est
663 993 681 1010 et
695 993 762 1015 patitur
773 992 795 1010 de
806 993 892 1015 presentn
908 997 948 1010 eum

188 1020 248 1037 tamen
264 1019 311 1037 idem
329 1018 411 1037 domiuus
426 1019 513 1037 Hem-icus
531 1019 624 1042 episcopus
642 1019 696 1037 nichil
714 1020 775 1037 contra
790 1019 849 1042 ipsum
866 1019 948 1037 Ordinem

188 1046 288 1067 excesserit,
300 1047 352 1069 prout
363 1047 381 1064 et
393 1046 422 1069 aiij
435 1046 513 1069 episcopi
524 1047 570 1064 terte
582 1046 657 1067 Prussie,
670 1045 692 1063 ad
699 1051 774 1068 quorum
783 1046 863 1063 omnium
874 1046 948 1063 deuotus

188 1073 284 1095 peticiones
296 1074 314 1090 et
325 1073 417 1093 instantes,
431 1077 486 1090 vnum
503 1073 617 1090 ecclesiarum
634 1077 707 1090 suarum
723 1074 802 1090 nostram
819 1073 918 1096 recepimus
930 1073 948 1090 in

188 1100 267 1120 tutelam,
286 1104 309 1117 ne
328 1099 350 1117 ab
367 1100 472 1117 exercitibus
489 1100 554 1117 nostris
570 1100 694 1117 miserabiliter
711 1099 841 1122 dampnaretur,
858 1100 948 1122 cupientes

188 1127 242 1149 igitur
254 1126 330 1144 eundem
341 1126 433 1144 dominum
444 1126 539 1144 Hem-icum
547 1126 677 1144 Warmiensem
685 1126 792 1149 episcopum,
805 1127 891 1149 quantum
898 1126 949 1144 uobis

188 1153 274 1171 rectitudo
291 1154 400 1171 consciencie
416 1154 475 1171 nostre
489 1153 563 1171 suadere
580 1154 649 1176 poterit,
666 1158 677 1171 a
693 1154 736 1171 nota
748 1153 863 1171 iniamiarum
874 1154 892 1171 et
903 1153 949 1171 oblo-

189 1181 284 1203 qucionum
303 1181 364 1198 contra
382 1181 442 1203 ipsum
461 1180 547 1198 fallaciter
559 1180 669 1201 emissarum,
687 1180 762 1203 expiare,
778 1181 798 1197 in
813 1181 890 1203 puritate
907 1180 949 1198 fidei

188 1208 247 1225 nostre
259 1208 277 1225 et
288 1208 307 1225 in
317 1207 371 1225 verbo
383 1207 439 1229 regali
453 1207 596 1229 recognoscimus
611 1212 633 1224 ac
647 1207 686 1224 sine
701 1207 811 1224 admixcione
825 1207 900 1224 alicuius
914 1207 949 1225 doli

188 1236 248 1252 tenore
263 1234 374 1257 presencium
386 1234 495 1256 profitemur,
512 1233 560 1256 quod
574 1233 622 1251 idem
637 1233 719 1251 dominus
734 1233 820 1251 Henricus
832 1234 949 1252 Warmiensis

188 1266 279 1283 nunquam
297 1260 344 1283 apud
361 1265 393 1278 nos
405 1260 472 1283 aliquid
489 1260 531 1278 muli
549 1265 580 1283 por
593 1265 636 1278 suas
651 1261 774 1282 suggestiones
786 1261 818 1278 aut
828 1265 950 1283 quascumque

188 1292 250 1311 operas
262 1289 323 1305 contra
337 1287 437 1310 predictum
449 1287 532 1305 Ordinem
543 1288 571 1304 est
582 1292 613 1305 seu
625 1287 660 1305 fuit
671 1287 788 1308 machinatus,
803 1287 834 1305 sed
845 1292 907 1305 reuera
918 1292 950 1310 pro

188 1315 233 1332 bono
245 1315 282 1332 tam
294 1315 350 1338 ipsius
362 1314 436 1336 Ordinis,
449 1319 502 1337 quam
514 1314 611 1332 incolarum
622 1315 640 1332 et
651 1315 697 1332 terre
704 1314 774 1332 Prussie
782 1314 887 1336 diligencius
899 1314 949 1332 insti—
