1040 1506
194 92 227 109 23⁶

196 142 270 161 „tamus
283 140 395 158 annullamus
407 146 428 158 ac
439 140 506 158 uiribus
517 145 630 161 euacuamus,
642 140 716 162 illasque
724 140 846 158 concessiones
854 140 893 158 siue
902 139 954 158 dona-

195 168 262 188 „tiones
274 172 315 185 cum
326 167 408 185 omnibus
420 168 438 185 in
450 168 476 185 eis
488 168 574 185 contentis
586 168 604 185 et
615 167 756 190 quibuscumque
762 167 804 185 inde
811 167 877 185 secutis
889 167 954 185 nullius

195 195 280 215 „existere
291 194 358 212 roboris
373 194 402 212 uel
417 195 507 215 momenti,
522 195 597 212 scientia
610 195 628 212 et
639 195 743 212 auctoritate
758 194 831 217 pretatis
843 193 954 211 decernimus

196 226 226 242 „ac
238 221 292 238 etiam
304 220 419 242 declaramus,
435 222 453 238 et
464 221 589 239 nichilominus
601 221 680 244 predicta
691 221 750 238 onmia
764 222 783 238 et
794 221 864 243 singula
875 221 922 238 bona
933 226 954 239 ac

195 247 290 269 „redditus,
307 253 341 270 que
358 253 399 266 cum
416 253 477 266 eorum
492 248 612 270 qualitatibus,
629 248 727 271 speciebus,
744 248 839 269 uaioribus,
857 247 953 268 uocabxssis,

196 275 306 296 „confinibus
318 276 336 293 et
347 275 387 298 aliis
399 275 436 293 suis
451 275 583 298 circunstantijs
598 275 691 296 uniuersis,
707 275 818 298 presentibus
833 274 894 292 haberi
905 275 954 292 uolu-

197 307 247 323 „mus
258 307 289 324 pro
302 302 389 324 expressis
404 303 422 319 et
436 302 549 325 speciiicatis,
566 302 664 323 declaratis,
680 302 706 319 sic
718 302 794 319 alienata
805 303 823 319 et
834 301 920 325 dissipata
931 301 953 319 ad

196 329 234 350 „ius
246 329 264 346 et
275 329 399 351 proprietatem
414 333 435 346 ac
446 334 508 346 uerum
526 329 624 346 dominium
641 333 702 346 mense
718 330 736 346 et
751 329 825 346 ecclesie
836 328 955 351 predictarum]

195 355 275 378 „prosata
286 356 390 373 auctoritate
401 355 503 373 reducimus
515 361 536 373 ac
548 356 601 373 etiam
613 360 722 377 reuocamus,
735 356 808 378 ipsaque
818 355 865 373 bona
874 356 892 373 et
899 355 955 373 reddi-

197 383 236 404 „tus
247 382 316 405 prefate
328 387 389 400 mense
401 383 516 405 applicamus,
531 387 551 400 ac
563 384 585 403 te.
598 387 678 400 mensam
693 383 711 400 et
727 382 820 400 ecclesiam
837 382 915 405 prelatas
933 382 955 400 ad

196 409 307 430 „huiusmodi
319 409 369 430 bona,
382 409 460 427 redditus
472 414 568 431 eorumque
579 410 704 432 proprietatem
715 410 734 427 in
746 409 853 432 corporalem
860 409 955 432 possessio-

197 441 247 457 „nem
259 436 323 454 har-um
340 436 385 453 serie
401 436 478 459 plenarie
493 437 603 454 restituimus
618 437 636 454 et
651 437 784 458 reintegramus,
796 437 826 457 ita,
842 435 888 458 quod
903 436 956 453 liceat

196 462 238 484 „tibi
254 467 285 485 per
302 464 319 480 te
336 463 365 480 uel
381 463 435 480 alium
452 468 485 481 seu
502 463 551 484 alios,
568 468 611 485 quos
629 463 699 481 duxeris
714 463 829 486 deputandos,
847 463 955 486 prefatorum

197 489 308 511 „reddituum
320 491 338 507 et
349 489 434 507 bonorum
446 490 554 513 corporalem
565 490 696 513 possessionem
706 490 809 508 auctoritate
816 490 888 513 propn'a
895 495 955 513 appre-

196 516 283 538 „hendere
295 518 313 534 et
324 518 408 539 perpetuo
423 517 498 534 retinere
510 517 575 539 illaque
589 518 608 534 in
619 522 663 535 usus
678 518 696 534 et
707 517 851 534 comoditatem
866 522 927 535 mense
938 518 956 534 et

197 544 280 565 „ecclesie
291 543 400 566 prefatorum
414 543 468 561 libere
480 545 581 561 conuertere
593 545 611 561 et
622 544 666 561 alias
684 544 705 561 de
722 543 756 561 illis
773 543 866 567 disponere
883 545 900 561 et
911 543 955 561 ordi<

196 575 254 592 „nare,
266 570 416 593 quemadmodum
427 570 554 593 archiepiscopi
566 571 683 591 Gneznensos,
699 571 729 593 qui
743 570 815 588 fuerunt
829 575 860 593 pro
872 572 955 593 tempore,

197 599 247 619 „ante
260 598 382 615 concessiones
394 602 425 615 seu
437 597 541 615 donationes
552 597 654 615 huiusmodi
666 597 688 615 de
699 598 734 615 illis
742 597 835 620 disponere
846 599 864 615 et
876 597 955 615 ordinare

196 625 301 647 „potnerunt
317 629 349 642 seu
363 625 417 642 etiam
429 624 532 645 debuerunt,
550 624 654 642 alienatione
670 626 730 642 tamen
744 624 840 642 eorundem
855 624 955 642 reddituum

196 653 225 673 „et
236 651 322 669 bonorum
334 651 366 669 tibi
377 652 448 674 penitus
456 651 554 669 interdicta,
577 651 616 669 Non
623 651 734 669 obstantibus
741 651 882 673 obligationibus,
893 656 955 669 renuu-

197 678 314 699 „tiationibus,
326 678 436 699 iuramentis,
448 678 611 696 confirmationibus
623 678 724 701 apostolicis
732 679 750 696 et
760 678 853 700 quibusuis
865 678 905 701 aliis
916 683 955 696 cau-

196 705 246 726 „telis
259 706 277 722 in
288 705 376 722 similibus
391 705 534 722 concessionibus
546 706 564 722 et
575 705 699 723 donationibus
714 710 746 722 seu
758 705 893 723 alienationibus
904 705 956 723 bono·

197 737 246 753 „rum
258 731 360 749 huiusmodi
372 731 425 755 adijci
440 732 534 753 consuetis,
550 737 661 754 quacumque
675 732 759 749 firmitate
774 732 844 750 uallatis
857 733 874 750 et
886 732 956 755 quibus-

197 764 289 781 „cumquei
312 758 359 776 Nulli
371 764 412 781 ergo
424 759 495 776 omnino
507 759 600 776 hominum
611 759 663 777 liceat
675 759 721 777 hauc
732 760 816 782 paginam
827 760 887 777 nostre
899 764 956 777 cassa-

197 786 266 807 „tionis,
283 786 406 806 reuocationis,
424 786 531 806 imitationis,
548 786 678 806 annullationis,
694 786 819 807 euacuationis,
835 786 955 807 restitutionis,

198 814 226 834 „et
243 813 385 835 reintegrationis
403 813 499 835 infringere
512 813 541 830 uel
557 813 574 830 ei
592 818 637 830 ausu
653 813 745 830 temerario
763 813 854 830 contraire,
878 813 896 830 Si
917 813 956 835 quis

197 840 267 861 „autern
284 839 317 857 hoc
332 840 437 862 attemptare
452 840 584 862 presumpserit,
601 839 741 862 indignationem
758 840 883 862 omnipotentis
894 839 928 857 Dei
939 841 956 857 et

196 866 298 887 „beatorum
310 866 356 884 Petri
368 867 386 884 et
396 866 446 884 Pauli
458 866 577 889 apostolorum
589 867 627 884 eius
639 871 658 884 se
669 867 738 884 nouerit
749 867 866 884 incursurum.
890 866 956 884 Datum

197 893 285 914 „Bononio
297 893 313 910 V
324 893 410 911 kalendas
421 894 503 915 Augusti,
515 893 630 916 pontificatus
642 894 697 911 nostri
709 898 754 911 anno
766 894 843 916 quinto'‘.

276 920 370 943 Cupientes
382 921 437 942 igitur
447 920 514 938 litteras
526 921 575 943 ipsas
592 921 610 938 et
626 921 685 938 omnia
700 921 719 938 in
736 921 762 938 e1s
774 921 857 938 contenta
871 921 956 943 imperpe-

196 949 246 965 tuum
263 947 388 965 inuiolabiliter
404 947 499 968 obseruari,
520 947 632 965 maternitati
652 948 711 965 uestre
728 952 759 970 per
777 947 873 970 apostolica
891 948 957 970 scripta

196 974 307 994 mandamus,
325 974 408 996 quatinus
420 979 457 995 uos,
475 974 503 992 uel
515 974 550 991 duo
568 975 599 992 aut
610 979 656 992 mus
669 975 749 992 vestrum
766 979 798 997 per
812 979 845 992 uos
861 974 890 992 uel
902 974 956 991 alium

196 1006 228 1019 seu
240 1001 283 1018 alios
295 1000 352 1018 eidem
365 1001 496 1024 archiepiscopo
510 1002 528 1018 et
539 1000 645 1024 deputandis
661 1001 683 1018 ab
697 1006 717 1018 eo
733 1001 751 1018 in
768 1001 859 1024 premissis
874 1001 956 1019 omnibus

196 1029 214 1045 et
225 1028 300 1050 singulis
312 1027 392 1045 efficacis
404 1028 512 1045 defensionis
524 1028 600 1050 presidio
612 1028 721 1049 assistentes,
735 1028 857 1050 premissaque
869 1029 886 1045 et
897 1028 957 1045 omnia

196 1055 214 1072 in
226 1054 294 1072 eisdem
306 1055 389 1072 contenta
400 1055 463 1072 litteris
476 1055 574 1072 executioni
586 1054 644 1073 debite
656 1055 789 1076 demandantes,
801 1055 871 1077 prefata
877 1055 924 1072 bona
935 1059 957 1072 ac

196 1081 275 1099 redditus
288 1081 310 1099 ad
321 1082 351 1099 ius
363 1083 380 1099 et
391 1082 516 1104 proprietatem
534 1087 596 1099 mense
608 1083 626 1099 et
641 1082 715 1099 ecclesie
728 1081 837 1104 preiatarum
853 1082 956 1099 auctoritate

196 1109 257 1126 nostra
268 1108 352 1126 reducere
363 1110 382 1126 et
393 1113 475 1126 reuocare
487 1109 557 1130 curetis,
570 1113 605 1126 non
616 1109 738 1132 permittentes
750 1108 826 1126 eundem
842 1108 956 1131 arehiepisco-

196 1140 240 1158 pum
252 1136 282 1153 aut
294 1135 404 1158 deputandos
419 1135 441 1153 ab
457 1140 477 1153 eo
489 1137 550 1153 contra
565 1135 666 1154 huiusmodi
681 1136 780 1153 litterarum
792 1136 897 1157 [nostrarum
909 1137 956 1153 tenc<

196 1163 239 1184 rem]
251 1163 269 1180 et
280 1162 356 1180 tonnam
368 1162 446 1180 indebite
460 1162 557 1183 molestat-13
573 1163 694 1180 molestatores
711 1167 731 1180 ac
743 1162 830 1180 dictorum
842 1162 928 1180 bonorum
939 1164 957 1180 et-

196 1189 298 1207 reddituum
314 1191 428 1212 occupatores
446 1191 464 1207 et
480 1189 579 1207 detentores
597 1194 666 1207 necnon
682 1189 819 1207 contradictores
836 1189 923 1212 quoslibet
939 1190 957 1207 et

196 1216 269 1234 rebelles
281 1217 409 1238 cuiuscumque
420 1217 483 1237 status,
497 1216 569 1238 gradus,
581 1216 673 1238 dignitatis
685 1216 714 1234 uel
726 1216 846 1238 [iuridicionis]
862 1217 956 1237 extiterInt,

196 1248 227 1266 per
242 1248 336 1261 censuram
351 1243 489 1261 ecclesiasticam
505 1244 523 1261 et
538 1243 573 1261 alia
587 1243 630 1261 iuris
646 1243 723 1261 remedia
738 1243 855 1266 appellatione
866 1244 957 1266 posposita

196 1270 331 1293 compescend03
347 1271 429 1288 inuocato
446 1270 469 1288 ad
485 1270 524 1291 hoo,
539 1271 555 1288 si
567 1275 611 1293 opus
623 1270 681 1291 luerit,
698 1270 762 1288 auxilio
778 1270 846 1293 brachii
864 1270 956 1288 secularis:

196 1302 231 1315 non
243 1297 359 1318 obstantibus,
374 1298 389 1314 si
404 1296 471 1315 eisdem
484 1298 569 1320 [personis
585 1302 605 1315 ac
621 1297 714 1319 dicltorum
729 1297 830 1315 reddituum
842 1299 860 1315 et
871 1297 957 1315 bonorum

196 1324 331 1348 occupatoribus
343 1325 361 1342 et
373 1324 492 1342 detentoribus
504 1324 534 1342 uel
545 1324 638 1347 quibusuis
653 1324 693 1348 alijs
710 1324 827 1342 communiter
841 1324 870 1342 uel
885 1324 957 1342 diuisim
