1040 1506
211 85 244 102 620

212 133 348 153 sentencialiter,
367 133 393 150 vti
409 132 509 155 paciiragos
526 131 600 149 iudicari
619 131 683 152 iecere,
701 136 769 149 necnon
787 131 854 153 ubsque
867 131 940 154 strepitu
950 132 964 149 et

212 160 272 182 figura.
290 159 351 182 iudicii
372 159 398 177 eis
416 158 480 179 oblata,
499 159 514 176 si
526 163 562 181 qua
578 158 637 176 forent
650 157 722 179 ibidem,
739 159 818 181 repetere
835 162 964 180 mammemque

212 188 230 204 et
241 191 251 204 e
263 187 324 204 contra
335 187 353 203 in
365 191 408 203 vsus
420 185 479 203 libitos
491 190 533 203 suos
546 186 648 202 conuertere
660 185 729 207 possint
743 186 761 202 et
772 184 848 205 valeant,
865 185 901 202 acsi
918 189 966 207 super

211 214 247 236 hiis
266 214 346 231 nostrum
365 212 477 230 dedissemus
496 216 604 230 consensum
623 212 641 229 et
660 211 740 230 fluorem
759 211 860 234 specialem.
890 210 918 229 Ad
937 216 966 233 que

212 239 271 258 omnia
287 240 305 257 et
321 239 392 262 singule
410 240 466 257 nostri
483 239 583 261 quicunque
600 243 620 256 ex
636 239 686 261 psi-te
704 238 773 257 Ordinis
791 238 814 256 ad
829 237 863 256 hoc
879 238 937 256 vocati
952 239 967 256 et

212 267 297 289 requisiti,
309 266 446 284 irrecusabiliter
458 266 547 286 iuunmen,
560 265 650 287 auxilium,
668 265 761 283 consilium
773 266 791 282 et
802 265 882 283 tenorem
893 265 967 287 prestare

212 293 323 314 tenebuntur,
335 293 383 310 omni
395 293 463 310 semota
475 293 591 310 excusacione
603 293 621 309 et
632 292 723 310 dilecIone.
747 292 797 314 Quod
808 292 824 309 si
836 292 866 314 qui
878 291 900 309 de
907 292 967 309 nostris

212 321 231 338 in
243 321 279 338 toto
291 320 319 337 vel
330 320 348 337 in
360 321 416 342 parte,
428 320 447 337 vt
458 319 551 342 prefertur,
563 319 622 337 facere
630 320 661 336 aut
669 319 742 341 implere
749 318 843 339 noluerint,
854 318 900 336 vltra
907 323 967 341 penam

213 347 235 364 de
246 351 282 365 non
294 347 400 364 execucione
411 346 513 364 huiusmodi
525 346 568 368 regii
582 346 638 363 nostri
649 345 703 363 edicti
714 346 801 366 meritam,
814 350 824 363 e
835 345 887 363 nobis
894 344 932 362 dire
939 345 968 362 sibi

213 373 334 396 infligendam,
351 374 398 396 parti
415 373 452 391 lese
467 373 545 395 dampna
556 373 605 390 iuxta
616 377 667 390 suem
686 373 704 390 et
719 372 795 390 duorum
806 372 840 390 sibi
852 372 870 389 in
882 371 969 389 nobilitate

213 401 282 423 parium
301 400 435 417 estimacioncm
452 399 564 417 iureiurando
582 399 694 420 firmandam,
711 404 751 417 mox
765 398 858 416 refundere
870 398 969 421 soluereque

213 428 244 445 aut
255 426 278 444 de
289 427 315 444 eis
322 426 451 445 satisfacerem
459 425 535 444 solidum
545 425 674 448 obligabuntur.
697 426 741 443 Item
751 426 766 443 si
773 425 829 447 nobis,
841 425 969 443 successoribus

213 454 242 471 vel
253 453 329 471 subditis
341 454 406 471 nostris
418 458 503 475 vmquam
519 452 600 475 aliqueiis
616 453 690 470 restabit
701 453 748 470 racio
764 453 825 470 contra
841 452 925 470 Ordinem
936 457 970 474 pre-

214 480 282 498 dictum
294 481 326 498 aut
337 480 417 498 subditos
429 485 476 501 suos,
494 479 516 497 ob
528 479 574 497 lianc
586 480 611 497 eis
623 479 690 497 nullam
701 479 806 497 violenciam
818 479 926 501 infligemus,
942 478 970 496 sed

214 512 245 525 eos
256 512 288 530 pro
300 507 419 525 conuencione
431 507 494 525 mutua
509 507 550 524 ente
561 506 642 529 spacium
655 507 707 524 vnius
718 507 785 524 mensis
797 511 851 529 super
861 506 905 524 locis
917 506 970 528 greni-

214 535 281 552 cierum
293 534 363 556 vti-ique
374 534 420 557 perti
432 533 515 556 congruis
532 534 550 550 et
562 533 701 556 competentibus
718 538 750 556 per
761 534 830 551 nostros
841 533 945 551 vocabimus
956 533 971 550 et

214 562 303 579 iusticiam
315 566 368 583 super
379 560 482 579 huiusmodi
500 560 601 578 accionibus
619 565 651 577 seu
667 560 809 583 impetieionibus
824 560 890 577 nostris
908 560 927 577 et
937 560 971 577 suis

214 588 357 611 responsionibus
369 588 475 610 recipiemus
487 587 585 604 secundum
597 586 686 604 dictamen
698 587 741 604 iuris
751 588 827 609 quatuor
834 586 971 604 consiliariorum

214 615 314 632 nostrorum
326 615 344 632 et
355 615 435 636 quatuor,
452 614 482 636 qui
499 619 520 631 ex
537 614 587 636 parte
598 613 669 632 Ordinis
685 613 707 631 ed
719 613 752 631 hoc
764 613 900 636 deputabuntur.
925 613 971 635 Quod

214 642 232 659 et.
243 642 303 662 nostri,
316 646 360 664 quos
372 641 418 659 Ordo
429 641 520 664 predictus
532 642 563 658 aut
574 641 613 658 eius
625 640 691 658 subditi
699 641 783 663 impetere
794 640 865 661 habent,
877 640 971 660 vicenerse,

214 668 263 686 omui
274 668 373 691 postposita
384 667 514 686 contradicione
526 668 552 685 eis
564 667 622 685 facere
636 667 701 685 debent
717 668 735 685 et
752 668 850 685 teneantur.
873 667 902 689 l-lij
915 667 971 684 nutem

214 700 246 718 pro
258 694 347 713 decisione
364 694 466 712 huiusmodi
485 699 580 712 causarum
597 694 699 717 deputandi,
717 695 788 712 omnine
805 699 837 717 per
853 698 914 712 eorum
931 694 972 711 iurn-

215 723 275 739 mento
292 721 378 743 facienda,
399 722 467 739 astricti
484 721 557 739 finalem
574 721 676 739 huiusmodi
692 726 787 739 causarum
802 721 910 739 decisionem
924 721 972 738 atoue

215 749 343 766 discussionem
355 753 454 771 procurare,
470 753 503 766 nec
520 753 542 766 ex
554 748 580 766 eis
592 749 651 766 causis
663 753 698 766 non
709 747 810 766 diiudicatis
822 747 844 765 lis
855 748 927 765 oriatur.
950 747 973 765 ita

215 775 301 798 quidquid
313 776 369 793 maior
379 780 421 798 pars
433 775 493 798 iudicii
507 775 529 793 ab
545 776 619 797 vtraque
636 776 686 798 parte
703 774 726 792 ad
741 775 775 792 hoc
792 775 922 798 deputatorum,
939 775 972 792 iure

216 802 309 820 dictauerit
320 807 352 825 per
363 807 396 820 sue
408 803 512 823 iuramenta,
529 802 548 820 id
563 802 649 820 sorcietur
665 807 718 820 suum
734 802 824 822 eflectum,
841 801 888 824 quod
904 806 972 819 serum

216 830 233 847 et
244 829 317 852 implere
329 830 399 847 nostros
411 829 541 852 compellemus⁴
565 829 645 851 Denique
661 833 714 851 super
725 828 759 846 hac
770 829 856 851 perpetua
866 833 911 851 pace
924 829 973 850 etque

215 856 279 874 vnione
291 861 352 873 omnes
369 860 441 878 gwerre,
459 856 504 877 lites,
522 855 644 878 discordieque
660 856 678 873 et
694 856 780 876 acciones,
798 860 833 877 que
848 856 895 878 parti
906 855 973 877 vtrique

216 883 308 900 imminere
319 883 419 906 potuissent
431 883 483 905 eique
500 882 553 900 bodie
565 883 637 905 possent
649 883 740 900 occasione
757 882 845 900 dictarum
861 886 973 904 gwerrarum,

217 909 350 931 discordiarum,
363 909 480 932 dampnorum
492 909 531 927 siue
543 909 662 927 ostensionum
670 909 723 927 verbo
731 909 760 927 vel
768 909 816 927 iacto
824 909 973 931 qualitercumque

215 936 333 957 suborterum,
345 937 429 959 perpetue
441 941 481 954 esse
493 937 510 953 et
522 941 593 954 manere
605 935 670 953 debent
681 935 747 957 sedete,
763 936 874 959 complanate
890 937 908 953 et
919 936 973 958 sopite

216 964 246 984 ita,
259 963 306 985 quod
317 968 370 986 super
381 962 484 981 huiusmodi
496 963 598 981 accionibus
609 963 658 981 nullo
670 962 721 981 modo
733 962 839 980 iudicialiter
851 963 882 980 eut
888 962 973 980 hostiliter

216 990 240 1008 sit
250 989 386 1013 procedendum.
410 990 492 1008 Preteree
503 995 535 1007 nos
547 989 656 1008 W'lndisleus
668 991 686 1007 et
697 989 796 1008 Kezimirus
812 994 863 1012 reges
878 989 973 1012 supradicti

216 1017 249 1035 sub
261 1017 311 1039 reg-in
322 1017 415 1035 maiestate
428 1018 481 1039 atque
492 1017 593 1040 principum
604 1016 696 1039 dignitate,
713 1021 781 1034 necnon
793 1021 825 1034 nos
836 1016 911 1034 barones
924 1016 973 1034 infra-

216 1044 284 1067 scripti:
300 1043 423 1066 Sandiwogius
435 1043 457 1061 de
469 1044 551 1066 Θάνατος
563 1044 692 1064 Pcznaniensis,
709 1044 796 1061 Martinus
810 1043 831 1061 de
842 1043 921 1061 slawsko
933 1042 973 1061 Caii-

216 1071 280 1088 siensis
292 1070 371 1093 palatini,
389 1070 516 1093 Dobrogostius
534 1070 556 1088 de
572 1071 683 1088 Schamotuli
699 1070 829 1091 Poznaniensis,
848 1070 973 1093 Dobrogostius

217 1097 238 1115 de
251 1098 306 1115 00an
317 1097 454 1115 Cameneeensis
466 1097 562 1118 castellani,
578 1097 677 1115 Stmuslnus
689 1097 711 1114 de
723 1097 806 1119 Ostroroa
817 1096 921 1119 subdepfler
931 1096 973 1114 Cali-

216 1124 286 1145 siensis,
305 1124 376 1142 Maioris
395 1124 466 1142 Polonie
483 1125 586 1147 capitaneus
607 1124 700 1146 generalis,
719 1123 817 1142 Abraham*
825 1123 847 1141 de
864 1123 973 1141 Dabam-achin

216 1150 268 1168 iudex
280 1150 410 1172 Posnaniensis,
422 1151 500 1174 Raphael
512 1151 534 1168 de
546 1151 648 1169 Goluclunvo
660 1151 802 1168 suhcemersrius
814 1150 921 1171 CalisiensiS,
933 1150 973 1172 Bye-

216 1177 265 1200 nyak
276 1177 298 1195 de
309 1178 405 1195 Bandlewo
417 1178 503 1195 vexillifer
514 1177 644 1198 PoznaniensiS,
662 1177 753 1195 MostIcius
770 1177 792 1195 de
811 1177 872 1195 Maiori
889 1177 974 1198 Cosmum

217 1205 287 1225 nostris,
299 1204 384 1222 heredum
397 1206 415 1222 et
426 1209 548 1222 successorum
560 1204 662 1222 nominibus
670 1204 790 1227 promittimus
800 1204 833 1222 sub
840 1204 877 1221 iide
885 1203 973 1221 ethonore

217 1232 287 1252 nostris,
302 1232 417 1254 prescriptam
429 1236 492 1254 pacem
510 1233 614 1254 perpetuam
630 1232 648 1249 et
666 1231 757 1249 concordie
774 1230 881 1248 inuiolabilis
893 1231 973 1248 vnionem

217 1259 294 1279 firmum,
309 1260 367 1276 ratuni
379 1260 397 1276 ct
408 1259 528 1276 inuiolabilem
539 1259 623 1281 perpetue
639 1262 711 1276 semare
723 1259 741 1276 et
753 1259 816 1279 tenere,
835 1263 867 1275 nec
878 1258 932 1275 verbo
943 1262 974 1275 nec

217 1286 264 1304 facto
277 1287 338 1303 contre
349 1290 389 1303 eam
401 1285 516 1308 qnouismodo
529 1286 593 1303 venire.
617 1285 645 1303 Ad
657 1286 708 1303 culus
719 1286 745 1302 rei
757 1284 868 1303 euidenciam
880 1284 972 1307 pleniorem

218 1313 305 1336 roburque
317 1313 400 1335 perpetue
412 1313 513 1333 valiturum,
525 1313 626 1335 presentem
634 1312 703 1331 litorum
712 1313 771 1330 nostro
780 1312 828 1335 regio
837 1313 889 1335 atque
897 1312 973 1329 omnium
