<?xml version="1.0" encoding="UTF-8"?>
<!DOCTYPE html PUBLIC "-//W3C//DTD XHTML 1.0 Transitional//EN"
    "http://www.w3.org/TR/xhtml1/DTD/xhtml1-transitional.dtd">
<html xmlns="http://www.w3.org/1999/xhtml" xml:lang="en" lang="en">
 <head>
  <title>
</title>
<meta http-equiv="Content-Type" content="text/html;charset=utf-8" />
  <meta name='ocr-system' content='tesseract 3.04.00' />
  <meta name='ocr-capabilities' content='ocr_page ocr_carea ocr_par ocr_line ocrx_word'/>
</head>
<body>
  <div class='ocr_page' id='page_1' title='image "./codexdiplomatic00naukgoog_0696.png"; bbox 0 0 1040 1506; ppageno 0'>
   <div class='ocr_carea' id='block_1_1' title="bbox 217 77 250 96">
    <p class='ocr_par' dir='ltr' id='par_1_1' title="bbox 217 77 250 96">
     <span class='ocr_line' id='line_1_1' title="bbox 217 77 250 96; baseline 0.061 -2"><span class='ocrx_word' id='word_1_1' title='bbox 217 77 250 96; x_wconf 66' lang='lat'>314</span> 
     </span>
    </p>
   </div>
   <div class='ocr_carea' id='block_1_2' title="bbox 216 127 980 1334">
    <p class='ocr_par' dir='ltr' id='par_1_2' title="bbox 216 127 980 1334">
     <span class='ocr_line' id='line_1_2' title="bbox 217 127 970 152; baseline 0.001 -6"><span class='ocrx_word' id='word_1_2' title='bbox 217 128 285 146; x_wconf 65' lang='lat' dir='ltr'>festum</span> <span class='ocrx_word' id='word_1_3' title='bbox 301 129 392 152; x_wconf 79' lang='lat' dir='ltr'>solempne</span> <span class='ocrx_word' id='word_1_4' title='bbox 408 130 493 150; x_wconf 76' lang='lat' dir='ltr'>occurrat.</span> <span class='ocrx_word' id='word_1_5' title='bbox 511 127 581 152; x_wconf 77' lang='lat' dir='ltr'>propter</span> <span class='ocrx_word' id='word_1_6' title='bbox 598 129 645 152; x_wconf 89' lang='lat' dir='ltr'>quod</span> <span class='ocrx_word' id='word_1_7' title='bbox 663 129 742 147; x_wconf 75' lang='lat' dir='ltr'>alterista</span> <span class='ocrx_word' id='word_1_8' title='bbox 759 130 840 147; x_wconf 82' lang='lat' dir='ltr'>teneatur</span> <span class='ocrx_word' id='word_1_9' title='bbox 857 130 929 147; x_wconf 80' lang='lat' dir='ltr'>missam</span> <span class='ocrx_word' id='word_1_10' title='bbox 941 129 970 147; x_wconf 75' lang='lat' dir='ltr'>diei</span> 
     </span>
     <span class='ocr_line' id='line_1_3' title="bbox 218 155 971 178; baseline 0.001 -5"><span class='ocrx_word' id='word_1_11' title='bbox 218 155 265 173; x_wconf 76' lang='lat' dir='ltr'>illius</span> <span class='ocrx_word' id='word_1_12' title='bbox 277 155 370 177; x_wconf 74' lang='lat' dir='ltr'>celebrare,</span> <span class='ocrx_word' id='word_1_13' title='bbox 382 161 417 178; x_wconf 90' lang='lat' dir='ltr'>quo</span> <span class='ocrx_word' id='word_1_14' title='bbox 429 157 532 174; x_wconf 82' lang='lat' dir='ltr'>occurrente</span> <span class='ocrx_word' id='word_1_15' title='bbox 543 156 593 173; x_wconf 72' lang='lat' dir='ltr'>iuxta.</span> <span class='ocrx_word' id='word_1_16' title='bbox 604 156 646 174; x_wconf 71' lang='lat' dir='ltr'>festi</span> <span class='ocrx_word' id='word_1_17' title='bbox 658 157 767 178; x_wconf 78' lang='lat' dir='ltr'>exigencism</span> <span class='ocrx_word' id='word_1_18' title='bbox 779 157 797 174; x_wconf 89' lang='lat' dir='ltr'>et</span> <span class='ocrx_word' id='word_1_19' title='bbox 809 156 844 174; x_wconf 86' lang='lat' dir='ltr'>diei</span> <span class='ocrx_word' id='word_1_20' title='bbox 856 156 946 175; x_wconf 74' lang='lat' dir='ltr'>collectam</span> <span class='ocrx_word' id='word_1_21' title='bbox 953 156 971 174; x_wconf 84' lang='lat' dir='ltr'>da</span> 
     </span>
     <span class='ocr_line' id='line_1_4' title="bbox 216 182 971 206; baseline 0 -6"><span class='ocrx_word' id='word_1_22' title='bbox 216 183 280 200; x_wconf 66' lang='lat' dir='ltr'>sancta</span> <span class='ocrx_word' id='word_1_23' title='bbox 292 182 377 200; x_wconf 61' lang='lat' dir='ltr'>&#39;trinitate</span> <span class='ocrx_word' id='word_1_24' title='bbox 388 183 417 200; x_wconf 85' lang='lat' dir='ltr'>vel</span> <span class='ocrx_word' id='word_1_25' title='bbox 428 182 480 200; x_wconf 85' lang='lat' dir='ltr'>beata</span> <span class='ocrx_word' id='word_1_26' title='bbox 491 183 560 205; x_wconf 80' lang='lat' dir='ltr'>virgine</span> <span class='ocrx_word' id='word_1_27' title='bbox 577 183 661 206; x_wconf 82' lang='lat' dir='ltr'>imponat,</span> <span class='ocrx_word' id='word_1_28' title='bbox 678 183 752 200; x_wconf 76' lang='lat' dir='ltr'>missam</span> <span class='ocrx_word' id='word_1_29' title='bbox 769 184 828 200; x_wconf 79' lang='lat' dir='ltr'>tamen</span> <span class='ocrx_word' id='word_1_30' title='bbox 840 188 872 206; x_wconf 84' lang='lat' dir='ltr'>pro</span> <span class='ocrx_word' id='word_1_31' title='bbox 884 183 971 204; x_wconf 78' lang='lat' dir='ltr'>defunctis,</span> 
     </span>
     <span class='ocr_line' id='line_1_5' title="bbox 218 209 972 232; baseline 0 -5"><span class='ocrx_word' id='word_1_32' title='bbox 218 209 234 226; x_wconf 81' lang='lat' dir='ltr'>si</span> <span class='ocrx_word' id='word_1_33' title='bbox 245 209 290 227; x_wconf 76' lang='lat' dir='ltr'>feria</span> <span class='ocrx_word' id='word_1_34' title='bbox 301 209 380 227; x_wconf 73' lang='lat' dir='ltr'>secunda</span> <span class='ocrx_word' id='word_1_35' title='bbox 391 209 458 227; x_wconf 73' lang='lat' dir='ltr'>festum</span> <span class='ocrx_word' id='word_1_36' title='bbox 469 210 554 230; x_wconf 76' lang='lat' dir='ltr'>occurret,</span> <span class='ocrx_word' id='word_1_37' title='bbox 573 209 606 227; x_wconf 78' lang='lat' dir='ltr'>alio</span> <span class='ocrx_word' id='word_1_38' title='bbox 618 209 647 227; x_wconf 88' lang='lat' dir='ltr'>die</span> <span class='ocrx_word' id='word_1_39' title='bbox 664 210 746 232; x_wconf 81' lang='lat' dir='ltr'>supplere</span> <span class='ocrx_word' id='word_1_40' title='bbox 762 210 786 227; x_wconf 88' lang='lat' dir='ltr'>sit</span> <span class='ocrx_word' id='word_1_41' title='bbox 798 211 887 227; x_wconf 74' lang='lat' dir='ltr'>astrictus.</span> <span class='ocrx_word' id='word_1_42' title='bbox 909 210 929 227; x_wconf 90' lang='lat' dir='ltr'>In</span> <span class='ocrx_word' id='word_1_43' title='bbox 940 215 972 232; x_wconf 77' lang='lat' dir='ltr'>prc-</span> 
     </span>
     <span class='ocr_line' id='line_1_6' title="bbox 218 235 972 259; baseline 0 -5"><span class='ocrx_word' id='word_1_44' title='bbox 218 235 308 254; x_wconf 80' lang='lat' dir='ltr'>dicacione</span> <span class='ocrx_word' id='word_1_45' title='bbox 320 237 380 254; x_wconf 76' lang='lat' dir='ltr'>autem</span> <span class='ocrx_word' id='word_1_46' title='bbox 391 236 441 254; x_wconf 85' lang='lat' dir='ltr'>verbi</span> <span class='ocrx_word' id='word_1_47' title='bbox 452 236 490 257; x_wconf 81' lang='lat' dir='ltr'>Dei,</span> <span class='ocrx_word' id='word_1_48' title='bbox 508 237 524 254; x_wconf 89' lang='lat' dir='ltr'>si</span> <span class='ocrx_word' id='word_1_49' title='bbox 535 236 595 259; x_wconf 83' lang='lat' dir='ltr'>plures</span> <span class='ocrx_word' id='word_1_50' title='bbox 607 236 698 259; x_wconf 77' lang='lat' dir='ltr'>predicare</span> <span class='ocrx_word' id='word_1_51' title='bbox 708 236 788 254; x_wconf 78' lang='lat' dir='ltr'>volentes</span> <span class='ocrx_word' id='word_1_52' title='bbox 802 237 856 254; x_wconf 88' lang='lat' dir='ltr'>simul</span> <span class='ocrx_word' id='word_1_53' title='bbox 867 238 972 257; x_wconf 78' lang='lat' dir='ltr'>concurrant,</span> 
     </span>
     <span class='ocr_line' id='line_1_7' title="bbox 218 262 973 286; baseline 0 -5"><span class='ocrx_word' id='word_1_54' title='bbox 218 262 266 280; x_wconf 85' lang='lat' dir='ltr'>hunc</span> <span class='ocrx_word' id='word_1_55' title='bbox 277 263 359 281; x_wconf 78' lang='lat' dir='ltr'>volumus</span> <span class='ocrx_word' id='word_1_56' title='bbox 371 263 462 281; x_wconf 80' lang='lat' dir='ltr'>obseruari</span> <span class='ocrx_word' id='word_1_57' title='bbox 473 263 558 284; x_wconf 78' lang='lat' dir='ltr'>ordinem,</span> <span class='ocrx_word' id='word_1_58' title='bbox 570 263 617 286; x_wconf 88' lang='lat' dir='ltr'>quod</span> <span class='ocrx_word' id='word_1_59' title='bbox 628 264 644 281; x_wconf 83' lang='lat' dir='ltr'>si</span> <span class='ocrx_word' id='word_1_60' title='bbox 656 263 720 286; x_wconf 80' lang='lat' dir='ltr'>uliquis</span> <span class='ocrx_word' id='word_1_61' title='bbox 732 269 753 281; x_wconf 84' lang='lat' dir='ltr'>ex</span> <span class='ocrx_word' id='word_1_62' title='bbox 764 264 837 286; x_wconf 73' lang='lat' dir='ltr'>prelatis</span> <span class='ocrx_word' id='word_1_63' title='bbox 849 264 877 281; x_wconf 83' lang='lat' dir='ltr'>vel</span> <span class='ocrx_word' id='word_1_64' title='bbox 889 264 973 281; x_wconf 78' lang='lat' dir='ltr'>canonicis</span> 
     </span>
     <span class='ocr_line' id='line_1_8' title="bbox 219 290 973 313; baseline 0.001 -6"><span class='ocrx_word' id='word_1_65' title='bbox 219 290 277 312; x_wconf 72' lang='lat' dir='ltr'>aliquo</span> <span class='ocrx_word' id='word_1_66' title='bbox 285 290 314 307; x_wconf 87' lang='lat' dir='ltr'>die</span> <span class='ocrx_word' id='word_1_67' title='bbox 325 290 416 313; x_wconf 74' lang='lat' dir='ltr'>predicare</span> <span class='ocrx_word' id='word_1_68' title='bbox 427 290 507 311; x_wconf 81' lang='lat' dir='ltr'>volucrit,</span> <span class='ocrx_word' id='word_1_69' title='bbox 519 291 584 307; x_wconf 84' lang='lat' dir='ltr'>extunc</span> <span class='ocrx_word' id='word_1_70' title='bbox 595 290 670 312; x_wconf 84' lang='lat' dir='ltr'>quilibet</span> <span class='ocrx_word' id='word_1_71' title='bbox 681 290 725 308; x_wconf 76' lang='lat' dir='ltr'>aiter</span> <span class='ocrx_word' id='word_1_72' title='bbox 736 290 840 313; x_wconf 79' lang='lat' dir='ltr'>predicator.</span> <span class='ocrx_word' id='word_1_73' title='bbox 858 290 939 308; x_wconf 73' lang='lat' dir='ltr'>alteristn</span> <span class='ocrx_word' id='word_1_74' title='bbox 949 291 973 308; x_wconf 78' lang='lat' dir='ltr'>vol</span> 
     </span>
     <span class='ocr_line' id='line_1_9' title="bbox 218 317 974 339; baseline 0 -5"><span class='ocrx_word' id='word_1_75' title='bbox 218 317 296 334; x_wconf 80' lang='lat' dir='ltr'>vicarius</span> <span class='ocrx_word' id='word_1_76' title='bbox 311 317 391 334; x_wconf 84' lang='lat' dir='ltr'>eiusdem</span> <span class='ocrx_word' id='word_1_77' title='bbox 407 317 481 334; x_wconf 73' lang='lat' dir='ltr'>ecclesie</span> <span class='ocrx_word' id='word_1_78' title='bbox 499 317 532 339; x_wconf 81' lang='lat' dir='ltr'>ipsi</span> <span class='ocrx_word' id='word_1_79' title='bbox 551 317 618 339; x_wconf 77' lang='lat' dir='ltr'>prolato</span> <span class='ocrx_word' id='word_1_80' title='bbox 630 317 658 334; x_wconf 83' lang='lat' dir='ltr'>vol</span> <span class='ocrx_word' id='word_1_81' title='bbox 670 317 754 334; x_wconf 73' lang='lat' dir='ltr'>canonico</span> <span class='ocrx_word' id='word_1_82' title='bbox 771 317 818 335; x_wconf 80' lang='lat' dir='ltr'>dicte</span> <span class='ocrx_word' id='word_1_83' title='bbox 834 317 908 335; x_wconf 74' lang='lat' dir='ltr'>ecclesie</span> <span class='ocrx_word' id='word_1_84' title='bbox 920 317 974 335; x_wconf 85' lang='lat' dir='ltr'>locum</span> 
     </span>
     <span class='ocr_line' id='line_1_10' title="bbox 219 343 974 364; baseline 0 -3"><span class='ocrx_word' id='word_1_85' title='bbox 219 343 261 361; x_wconf 85' lang='lat' dir='ltr'>dare</span> <span class='ocrx_word' id='word_1_86' title='bbox 273 344 290 361; x_wconf 80' lang='lat' dir='ltr'>et</span> <span class='ocrx_word' id='word_1_87' title='bbox 302 343 364 361; x_wconf 78' lang='lat' dir='ltr'>cedere</span> <span class='ocrx_word' id='word_1_88' title='bbox 376 344 461 361; x_wconf 79' lang='lat' dir='ltr'>teneatur.</span> <span class='ocrx_word' id='word_1_89' title='bbox 485 344 503 361; x_wconf 86' lang='lat' dir='ltr'>Si</span> <span class='ocrx_word' id='word_1_90' title='bbox 515 345 575 361; x_wconf 76' lang='lat' dir='ltr'>autem</span> <span class='ocrx_word' id='word_1_91' title='bbox 591 343 675 364; x_wconf 66' lang='lat' dir='ltr'>alturista,</span> <span class='ocrx_word' id='word_1_92' title='bbox 692 344 720 361; x_wconf 88' lang='lat' dir='ltr'>cui</span> <span class='ocrx_word' id='word_1_93' title='bbox 732 344 766 361; x_wconf 86' lang='lat' dir='ltr'>hoc</span> <span class='ocrx_word' id='word_1_94' title='bbox 778 349 799 361; x_wconf 86' lang='lat' dir='ltr'>ex</span> <span class='ocrx_word' id='word_1_95' title='bbox 811 343 871 361; x_wconf 77' lang='lat' dir='ltr'>officio</span> <span class='ocrx_word' id='word_1_96' title='bbox 887 344 974 363; x_wconf 71' lang='lat' dir='ltr'>incumbit,</span> 
     </span>
     <span class='ocr_line' id='line_1_11' title="bbox 219 370 974 393; baseline 0 -5"><span class='ocrx_word' id='word_1_97' title='bbox 219 371 237 387; x_wconf 89' lang='lat' dir='ltr'>et</span> <span class='ocrx_word' id='word_1_98' title='bbox 248 371 325 388; x_wconf 77' lang='lat' dir='ltr'>vicarius</span> <span class='ocrx_word' id='word_1_99' title='bbox 337 372 443 388; x_wconf 84' lang='lat' dir='ltr'>concurrant</span> <span class='ocrx_word' id='word_1_100' title='bbox 454 371 473 388; x_wconf 92' lang='lat' dir='ltr'>in</span> <span class='ocrx_word' id='word_1_101' title='bbox 484 370 596 393; x_wconf 83' lang='lat' dir='ltr'>predicando,</span> <span class='ocrx_word' id='word_1_102' title='bbox 612 370 692 388; x_wconf 73' lang='lat' dir='ltr'>altansta</span> <span class='ocrx_word' id='word_1_103' title='bbox 703 371 738 393; x_wconf 83' lang='lat' dir='ltr'>ipsi</span> <span class='ocrx_word' id='word_1_104' title='bbox 750 371 816 388; x_wconf 78' lang='lat' dir='ltr'>vicario</span> <span class='ocrx_word' id='word_1_105' title='bbox 827 372 920 393; x_wconf 76' lang='lat' dir='ltr'>[amquam</span> <span class='ocrx_word' id='word_1_106' title='bbox 932 372 950 388; x_wconf 79' lang='lat' dir='ltr'>et</span> <span class='ocrx_word' id='word_1_107' title='bbox 959 371 974 388; x_wconf 90' lang='lat' dir='ltr'>in</span> 
     </span>
     <span class='ocr_line' id='line_1_12' title="bbox 219 397 975 420; baseline 0 -6"><span class='ocrx_word' id='word_1_108' title='bbox 219 402 262 414; x_wconf 84' lang='lat' dir='ltr'>cura</span> <span class='ocrx_word' id='word_1_109' title='bbox 273 397 373 415; x_wconf 72' lang='lat' dir='ltr'>animarum</span> <span class='ocrx_word' id='word_1_110' title='bbox 385 397 476 418; x_wconf 74' lang='lat' dir='ltr'>incumbit,</span> <span class='ocrx_word' id='word_1_111' title='bbox 489 397 551 414; x_wconf 85' lang='lat' dir='ltr'>cedere</span> <span class='ocrx_word' id='word_1_112' title='bbox 562 397 590 414; x_wconf 90' lang='lat' dir='ltr'>sid</span> <span class='ocrx_word' id='word_1_113' title='bbox 602 398 691 414; x_wconf 82' lang='lat' dir='ltr'>astrictus.</span> <span class='ocrx_word' id='word_1_114' title='bbox 714 397 761 415; x_wconf 73' lang='lat' dir='ltr'>Inter</span> <span class='ocrx_word' id='word_1_115' title='bbox 773 397 862 415; x_wconf 72' lang='lat' dir='ltr'>altar-istas</span> <span class='ocrx_word' id='word_1_116' title='bbox 874 398 934 415; x_wconf 79' lang='lat' dir='ltr'>autem</span> <span class='ocrx_word' id='word_1_117' title='bbox 942 402 975 420; x_wconf 87' lang='lat' dir='ltr'>pre-</span> 
     </span>
     <span class='ocr_line' id='line_1_13' title="bbox 219 423 975 446; baseline 0 -5"><span class='ocrx_word' id='word_1_118' title='bbox 219 423 303 441; x_wconf 74' lang='lat' dir='ltr'>dicatoris</span> <span class='ocrx_word' id='word_1_119' title='bbox 315 423 357 441; x_wconf 88' lang='lat' dir='ltr'>ordo</span> <span class='ocrx_word' id='word_1_120' title='bbox 368 423 529 442; x_wconf 76' lang='lat' dir='ltr'>vicissitudinnrius</span> <span class='ocrx_word' id='word_1_121' title='bbox 541 424 631 441; x_wconf 72' lang='lat' dir='ltr'>obseruari</span> <span class='ocrx_word' id='word_1_122' title='bbox 643 423 714 442; x_wconf 82' lang='lat' dir='ltr'>debebit</span> <span class='ocrx_word' id='word_1_123' title='bbox 726 424 756 444; x_wconf 67' lang='lat' dir='ltr'>sic,</span> <span class='ocrx_word' id='word_1_124' title='bbox 774 424 821 446; x_wconf 87' lang='lat' dir='ltr'>quod</span> <span class='ocrx_word' id='word_1_125' title='bbox 835 424 927 442; x_wconf 75' lang='lat' dir='ltr'>alternatis</span> <span class='ocrx_word' id='word_1_126' title='bbox 939 424 975 441; x_wconf 89' lang='lat' dir='ltr'>vici-</span> 
     </span>
     <span class='ocr_line' id='line_1_14' title="bbox 219 450 975 473; baseline 0 -5"><span class='ocrx_word' id='word_1_127' title='bbox 219 450 252 468; x_wconf 86' lang='lat' dir='ltr'>bus</span> <span class='ocrx_word' id='word_1_128' title='bbox 265 455 284 468; x_wconf 76' lang='lat' dir='ltr'>se</span> <span class='ocrx_word' id='word_1_129' title='bbox 296 450 437 470; x_wconf 77' lang='lat' dir='ltr'>succedentibus.</span> <span class='ocrx_word' id='word_1_130' title='bbox 449 450 540 473; x_wconf 85' lang='lat' dir='ltr'>predicare</span> <span class='ocrx_word' id='word_1_131' title='bbox 548 450 642 471; x_wconf 85' lang='lat' dir='ltr'>debebunt,</span> <span class='ocrx_word' id='word_1_132' title='bbox 654 451 689 468; x_wconf 83' lang='lat' dir='ltr'>nisi</span> <span class='ocrx_word' id='word_1_133' title='bbox 697 456 729 468; x_wconf 90' lang='lat' dir='ltr'>nos</span> <span class='ocrx_word' id='word_1_134' title='bbox 736 451 765 468; x_wconf 88' lang='lat' dir='ltr'>vel</span> <span class='ocrx_word' id='word_1_135' title='bbox 776 451 797 472; x_wconf 87' lang='lat' dir='ltr'>is,</span> <span class='ocrx_word' id='word_1_136' title='bbox 809 452 839 473; x_wconf 92' lang='lat' dir='ltr'>qui</span> <span class='ocrx_word' id='word_1_137' title='bbox 851 451 900 468; x_wconf 84' lang='lat' dir='ltr'>vices</span> <span class='ocrx_word' id='word_1_138' title='bbox 910 451 975 468; x_wconf 79' lang='lat' dir='ltr'>nostras</span> 
     </span>
     <span class='ocr_line' id='line_1_15' title="bbox 219 477 976 500; baseline 0 -5"><span class='ocrx_word' id='word_1_139' title='bbox 219 477 286 495; x_wconf 80' lang='lat' dir='ltr'>ibidem</span> <span class='ocrx_word' id='word_1_140' title='bbox 297 478 377 500; x_wconf 81' lang='lat' dir='ltr'>gesserit,</span> <span class='ocrx_word' id='word_1_141' title='bbox 389 482 444 495; x_wconf 86' lang='lat' dir='ltr'>vnum</span> <span class='ocrx_word' id='word_1_142' title='bbox 457 478 512 498; x_wconf 68' lang='lat' dir='ltr'>alten,</span> <span class='ocrx_word' id='word_1_143' title='bbox 525 478 653 500; x_wconf 80' lang='lat' dir='ltr'>cuiuscumque</span> <span class='ocrx_word' id='word_1_144' title='bbox 665 477 772 495; x_wconf 83' lang='lat' dir='ltr'>condicionis</span> <span class='ocrx_word' id='word_1_145' title='bbox 783 477 843 498; x_wconf 74' lang='lat' dir='ltr'>fuerit,</span> <span class='ocrx_word' id='word_1_146' title='bbox 859 478 898 495; x_wconf 88' lang='lat' dir='ltr'>siue</span> <span class='ocrx_word' id='word_1_147' title='bbox 910 478 976 495; x_wconf 79' lang='lat' dir='ltr'>canoni-</span> 
     </span>
     <span class='ocr_line' id='line_1_16' title="bbox 220 504 976 527; baseline 0 -5"><span class='ocrx_word' id='word_1_148' title='bbox 220 509 257 525; x_wconf 86' lang='lat' dir='ltr'>cus,</span> <span class='ocrx_word' id='word_1_149' title='bbox 274 505 351 522; x_wconf 73' lang='lat' dir='ltr'>vicarius</span> <span class='ocrx_word' id='word_1_150' title='bbox 369 505 397 522; x_wconf 91' lang='lat' dir='ltr'>vel</span> <span class='ocrx_word' id='word_1_151' title='bbox 415 505 494 522; x_wconf 77' lang='lat' dir='ltr'>altarista</span> <span class='ocrx_word' id='word_1_152' title='bbox 506 505 524 522; x_wconf 88' lang='lat' dir='ltr'>in</span> <span class='ocrx_word' id='word_1_153' title='bbox 536 504 638 522; x_wconf 86' lang='lat' dir='ltr'>huiusmodi</span> <span class='ocrx_word' id='word_1_154' title='bbox 656 506 697 522; x_wconf 70' lang='lat' dir='ltr'>actu</span> <span class='ocrx_word' id='word_1_155' title='bbox 708 505 735 522; x_wconf 80' lang='lat' dir='ltr'>vel</span> <span class='ocrx_word' id='word_1_156' title='bbox 748 504 808 522; x_wconf 74' lang='lat' dir='ltr'>officio</span> <span class='ocrx_word' id='word_1_157' title='bbox 819 504 947 527; x_wconf 72' lang='lat' dir='ltr'>predicacionis</span> <span class='ocrx_word' id='word_1_158' title='bbox 958 509 976 522; x_wconf 85' lang='lat' dir='ltr'>ex</span> 
     </span>
     <span class='ocr_line' id='line_1_17' title="bbox 220 531 976 554; baseline 0 -5"><span class='ocrx_word' id='word_1_159' title='bbox 220 532 279 549; x_wconf 87' lang='lat' dir='ltr'>causis</span> <span class='ocrx_word' id='word_1_160' title='bbox 291 531 393 549; x_wconf 87' lang='lat' dir='ltr'>duxerlmus</span> <span class='ocrx_word' id='word_1_161' title='bbox 404 531 534 554; x_wconf 79' lang='lat' dir='ltr'>preterendum.</span> <span class='ocrx_word' id='word_1_162' title='bbox 557 531 655 549; x_wconf 76' lang='lat' dir='ltr'>Ecclesiam</span> <span class='ocrx_word' id='word_1_163' title='bbox 673 532 731 549; x_wconf 82' lang='lat' dir='ltr'>eciam</span> <span class='ocrx_word' id='word_1_164' title='bbox 747 531 850 554; x_wconf 72' lang='lat' dir='ltr'>predictam,</span> <span class='ocrx_word' id='word_1_165' title='bbox 868 532 886 549; x_wconf 89' lang='lat' dir='ltr'>in</span> <span class='ocrx_word' id='word_1_166' title='bbox 898 536 935 553; x_wconf 71' lang='lat' dir='ltr'>que</span> <span class='ocrx_word' id='word_1_167' title='bbox 946 531 976 549; x_wconf 61' lang='lat' dir='ltr'>dic»</span> 
     </span>
     <span class='ocr_line' id='line_1_18' title="bbox 220 558 976 581; baseline -0.001 -5"><span class='ocrx_word' id='word_1_168' title='bbox 220 559 258 576; x_wconf 90' lang='lat' dir='ltr'>tum</span> <span class='ocrx_word' id='word_1_169' title='bbox 270 559 325 576; x_wconf 73' lang='lat' dir='ltr'>altare</span> <span class='ocrx_word' id='word_1_170' title='bbox 337 559 423 578; x_wconf 81' lang='lat' dir='ltr'>consistit.</span> <span class='ocrx_word' id='word_1_171' title='bbox 440 558 583 581; x_wconf 80' lang='lat' dir='ltr'>superpiliciatus</span> <span class='ocrx_word' id='word_1_172' title='bbox 594 559 633 581; x_wconf 81' lang='lat' dir='ltr'>ipse</span> <span class='ocrx_word' id='word_1_173' title='bbox 644 558 729 578; x_wconf 78' lang='lat' dir='ltr'>altariste.</span> <span class='ocrx_word' id='word_1_174' title='bbox 746 559 793 576; x_wconf 86' lang='lat' dir='ltr'>sicut</span> <span class='ocrx_word' id='word_1_175' title='bbox 807 559 825 576; x_wconf 86' lang='lat' dir='ltr'>et</span> <span class='ocrx_word' id='word_1_176' title='bbox 836 558 866 581; x_wconf 75' lang='lat' dir='ltr'>aiij</span> <span class='ocrx_word' id='word_1_177' title='bbox 879 558 976 575; x_wconf 77' lang='lat' dir='ltr'>beneficiati</span> 
     </span>
     <span class='ocr_line' id='line_1_19' title="bbox 219 584 976 607; baseline -0.001 -4"><span class='ocrx_word' id='word_1_178' title='bbox 219 585 381 606; x_wconf 70' lang='lat' dir='ltr'>ibidem2‚incedere</span> <span class='ocrx_word' id='word_1_179' title='bbox 398 586 483 603; x_wconf 74' lang='lat' dir='ltr'>tenentur.</span> <span class='ocrx_word' id='word_1_180' title='bbox 507 585 594 602; x_wconf 77' lang='lat' dir='ltr'>Volumus</span> <span class='ocrx_word' id='word_1_181' title='bbox 610 585 672 605; x_wconf 84' lang='lat' dir='ltr'>eciam,</span> <span class='ocrx_word' id='word_1_182' title='bbox 691 584 738 607; x_wconf 90' lang='lat' dir='ltr'>quod</span> <span class='ocrx_word' id='word_1_183' title='bbox 749 585 829 602; x_wconf 71' lang='lat' dir='ltr'>altsristu</span> <span class='ocrx_word' id='word_1_184' title='bbox 845 585 867 602; x_wconf 87' lang='lat' dir='ltr'>de</span> <span class='ocrx_word' id='word_1_185' title='bbox 879 585 918 607; x_wconf 84' lang='lat' dir='ltr'>ipso</span> <span class='ocrx_word' id='word_1_186' title='bbox 931 585 976 602; x_wconf 73' lang='lat' dir='ltr'>altari</span> 
     </span>
     <span class='ocr_line' id='line_1_20' title="bbox 220 611 977 634; baseline -0.001 -5"><span class='ocrx_word' id='word_1_187' title='bbox 220 612 345 632; x_wconf 76' lang='lat' dir='ltr'>instituendus,</span> <span class='ocrx_word' id='word_1_188' title='bbox 362 612 385 629; x_wconf 79' lang='lat' dir='ltr'>sit</span> <span class='ocrx_word' id='word_1_189' title='bbox 398 613 438 629; x_wconf 77' lang='lat' dir='ltr'>actu</span> <span class='ocrx_word' id='word_1_190' title='bbox 450 612 537 634; x_wconf 84' lang='lat' dir='ltr'>presbiter</span> <span class='ocrx_word' id='word_1_191' title='bbox 548 612 577 629; x_wconf 88' lang='lat' dir='ltr'>vel</span> <span class='ocrx_word' id='word_1_192' title='bbox 595 612 639 629; x_wconf 77' lang='lat' dir='ltr'>alius</span> <span class='ocrx_word' id='word_1_193' title='bbox 651 613 692 634; x_wconf 81' lang='lat' dir='ltr'>post</span> <span class='ocrx_word' id='word_1_194' title='bbox 703 616 754 629; x_wconf 87' lang='lat' dir='ltr'>suam</span> <span class='ocrx_word' id='word_1_195' title='bbox 766 612 899 629; x_wconf 75' lang='lat' dir='ltr'>institucionem</span> <span class='ocrx_word' id='word_1_196' title='bbox 911 611 936 629; x_wconf 76' lang='lat' dir='ltr'>ad</span> <span class='ocrx_word' id='word_1_197' title='bbox 946 611 977 628; x_wconf 81' lang='lat' dir='ltr'>dio-</span> 
     </span>
     <span class='ocr_line' id='line_1_21' title="bbox 220 638 977 661; baseline 0 -5"><span class='ocrx_word' id='word_1_198' title='bbox 220 640 259 656; x_wconf 80' lang='lat' dir='ltr'>tum</span> <span class='ocrx_word' id='word_1_199' title='bbox 271 639 326 656; x_wconf 76' lang='lat' dir='ltr'>altare</span> <span class='ocrx_word' id='word_1_200' title='bbox 337 639 356 656; x_wconf 88' lang='lat' dir='ltr'>in</span> <span class='ocrx_word' id='word_1_201' title='bbox 368 639 452 661; x_wconf 81' lang='lat' dir='ltr'>proximis</span> <span class='ocrx_word' id='word_1_202' title='bbox 470 639 579 661; x_wconf 75' lang='lat' dir='ltr'>temporibus</span> <span class='ocrx_word' id='word_1_203' title='bbox 591 643 601 656; x_wconf 79' lang='lat' dir='ltr'>a</span> <span class='ocrx_word' id='word_1_204' title='bbox 613 639 650 656; x_wconf 88' lang='lat' dir='ltr'>iure</span> <span class='ocrx_word' id='word_1_205' title='bbox 666 639 738 656; x_wconf 75' lang='lat' dir='ltr'>statutis</span> <span class='ocrx_word' id='word_1_206' title='bbox 750 638 772 656; x_wconf 77' lang='lat' dir='ltr'>ud</span> <span class='ocrx_word' id='word_1_207' title='bbox 784 638 909 656; x_wconf 81' lang='lat' dir='ltr'>celebrandum</span> <span class='ocrx_word' id='word_1_208' title='bbox 922 643 977 656; x_wconf 79' lang='lat' dir='ltr'>sacros</span> 
     </span>
     <span class='ocr_line' id='line_1_22' title="bbox 221 665 977 688; baseline -0.001 -5"><span class='ocrx_word' id='word_1_209' title='bbox 221 666 324 683; x_wconf 83' lang='lat' dir='ltr'>clericorum</span> <span class='ocrx_word' id='word_1_210' title='bbox 336 665 406 683; x_wconf 85' lang='lat' dir='ltr'>ordines</span> <span class='ocrx_word' id='word_1_211' title='bbox 418 665 441 683; x_wconf 80' lang='lat' dir='ltr'>ad</span> <span class='ocrx_word' id='word_1_212' title='bbox 452 670 513 683; x_wconf 85' lang='lat' dir='ltr'>omnes</span> <span class='ocrx_word' id='word_1_213' title='bbox 525 670 585 683; x_wconf 83' lang='lat' dir='ltr'>sacros</span> <span class='ocrx_word' id='word_1_214' title='bbox 597 665 701 683; x_wconf 81' lang='lat' dir='ltr'>clericorum</span> <span class='ocrx_word' id='word_1_215' title='bbox 709 665 779 683; x_wconf 81' lang='lat' dir='ltr'>ordines</span> <span class='ocrx_word' id='word_1_216' title='bbox 787 665 886 688; x_wconf 88' lang='lat' dir='ltr'>promoueri</span> <span class='ocrx_word' id='word_1_217' title='bbox 894 666 977 683; x_wconf 71' lang='lat' dir='ltr'>tenentur.</span> 
     </span>
     <span class='ocr_line' id='line_1_23' title="bbox 221 692 978 715; baseline -0.001 -5"><span class='ocrx_word' id='word_1_218' title='bbox 221 692 411 714; x_wconf 54' lang='lat' dir='ltr'>Collacionemffaiitem</span> <span class='ocrx_word' id='word_1_219' title='bbox 422 692 497 715; x_wconf 78' lang='lat' dir='ltr'>predicti</span> <span class='ocrx_word' id='word_1_220' title='bbox 509 692 570 710; x_wconf 78' lang='lat' dir='ltr'>altaris</span> <span class='ocrx_word' id='word_1_221' title='bbox 582 692 655 713; x_wconf 84' lang='lat' dir='ltr'>tociens,</span> <span class='ocrx_word' id='word_1_222' title='bbox 673 693 756 714; x_wconf 80' lang='lat' dir='ltr'>quociens</span> <span class='ocrx_word' id='word_1_223' title='bbox 768 693 827 715; x_wconf 89' lang='lat' dir='ltr'>ipsum</span> <span class='ocrx_word' id='word_1_224' title='bbox 839 697 903 710; x_wconf 73' lang='lat' dir='ltr'>vacare</span> <span class='ocrx_word' id='word_1_225' title='bbox 914 692 978 709; x_wconf 77' lang='lat' dir='ltr'>contin·</span> 
     </span>
     <span class='ocr_line' id='line_1_24' title="bbox 220 719 978 742; baseline 0 -6"><span class='ocrx_word' id='word_1_226' title='bbox 220 720 256 742; x_wconf 77' lang='lat' dir='ltr'>gat,</span> <span class='ocrx_word' id='word_1_227' title='bbox 274 720 362 737; x_wconf 84' lang='lat' dir='ltr'>vniuersis</span> <span class='ocrx_word' id='word_1_228' title='bbox 381 720 399 736; x_wconf 77' lang='lat' dir='ltr'>et</span> <span class='ocrx_word' id='word_1_229' title='bbox 412 719 487 741; x_wconf 84' lang='lat' dir='ltr'>singulis</span> <span class='ocrx_word' id='word_1_230' title='bbox 499 719 571 741; x_wconf 65' lang='lat' dir='ltr'>vicariis</span> <span class='ocrx_word' id='word_1_231' title='bbox 589 719 679 741; x_wconf 84' lang='lat' dir='ltr'>perpetuis</span> <span class='ocrx_word' id='word_1_232' title='bbox 696 724 728 736; x_wconf 91' lang='lat' dir='ltr'>seu</span> <span class='ocrx_word' id='word_1_233' title='bbox 745 719 818 741; x_wconf 78' lang='lat' dir='ltr'>collegio</span> <span class='ocrx_word' id='word_1_234' title='bbox 830 719 858 736; x_wconf 90' lang='lat' dir='ltr'>vel</span> <span class='ocrx_word' id='word_1_235' title='bbox 870 719 978 736; x_wconf 67' lang='lat' dir='ltr'>vniuersiteti</span> 
     </span>
     <span class='ocr_line' id='line_1_25' title="bbox 221 745 977 768; baseline -0.001 -4"><span class='ocrx_word' id='word_1_236' title='bbox 221 746 267 764; x_wconf 88' lang='lat' dir='ltr'>dicte</span> <span class='ocrx_word' id='word_1_237' title='bbox 279 746 353 764; x_wconf 81' lang='lat' dir='ltr'>ecclesie</span> <span class='ocrx_word' id='word_1_238' title='bbox 370 746 462 768; x_wconf 79' lang='lat' dir='ltr'>colleglate</span> <span class='ocrx_word' id='word_1_239' title='bbox 479 745 530 764; x_wconf 81' lang='lat' dir='ltr'>beate</span> <span class='ocrx_word' id='word_1_240' title='bbox 548 746 601 763; x_wconf 74' lang='lat' dir='ltr'>Mai-ie</span> <span class='ocrx_word' id='word_1_241' title='bbox 614 745 715 763; x_wconf 81' lang='lat' dir='ltr'>Calisiensis</span> <span class='ocrx_word' id='word_1_242' title='bbox 730 746 779 763; x_wconf 73' lang='lat' dir='ltr'>iuxta</span> <span class='ocrx_word' id='word_1_243' title='bbox 795 745 933 768; x_wconf 79' lang='lat' dir='ltr'>disposicionem</span> <span class='ocrx_word' id='word_1_244' title='bbox 944 750 977 768; x_wconf 78' lang='lat' dir='ltr'>pre·</span> 
     </span>
     <span class='ocr_line' id='line_1_26' title="bbox 221 772 977 795; baseline -0.001 -4"><span class='ocrx_word' id='word_1_245' title='bbox 221 773 264 791; x_wconf 84' lang='lat' dir='ltr'>dicti</span> <span class='ocrx_word' id='word_1_246' title='bbox 275 773 365 791; x_wconf 72' lang='lat' dir='ltr'>testatoris</span> <span class='ocrx_word' id='word_1_247' title='bbox 377 778 495 793; x_wconf 67' lang='lat' dir='ltr'>reseruemus,</span> <span class='ocrx_word' id='word_1_248' title='bbox 514 774 531 790; x_wconf 82' lang='lat' dir='ltr'>et</span> <span class='ocrx_word' id='word_1_249' title='bbox 548 773 663 790; x_wconf 83' lang='lat' dir='ltr'>nihilominus</span> <span class='ocrx_word' id='word_1_250' title='bbox 681 772 703 790; x_wconf 78' lang='lat' dir='ltr'>ad</span> <span class='ocrx_word' id='word_1_251' title='bbox 720 773 872 795; x_wconf 72' lang='lat' dir='ltr'>presentacionem</span> <span class='ocrx_word' id='word_1_252' title='bbox 884 772 977 790; x_wconf 84' lang='lat' dir='ltr'>eorundem</span> 
     </span>
     <span class='ocr_line' id='line_1_27' title="bbox 221 799 978 821; baseline -0.001 -3"><span class='ocrx_word' id='word_1_253' title='bbox 221 801 327 818; x_wconf 84' lang='lat' dir='ltr'>vicariorum</span> <span class='ocrx_word' id='word_1_254' title='bbox 339 799 436 817; x_wconf 85' lang='lat' dir='ltr'>discretum</span> <span class='ocrx_word' id='word_1_255' title='bbox 447 799 532 817; x_wconf 74' lang='lat' dir='ltr'>Mstbiam</span> <span class='ocrx_word' id='word_1_256' title='bbox 544 800 630 817; x_wconf 80' lang='lat' dir='ltr'>vicariurn</span> <span class='ocrx_word' id='word_1_257' title='bbox 648 799 695 817; x_wconf 80' lang='lat' dir='ltr'>dicte</span> <span class='ocrx_word' id='word_1_258' title='bbox 709 799 783 817; x_wconf 80' lang='lat' dir='ltr'>ecclesie</span> <span class='ocrx_word' id='word_1_259' title='bbox 801 799 892 821; x_wconf 76' lang='lat' dir='ltr'>collegiate</span> <span class='ocrx_word' id='word_1_260' title='bbox 904 799 978 817; x_wconf 78' lang='lat' dir='ltr'>seruatis</span> 
     </span>
     <span class='ocr_line' id='line_1_28' title="bbox 221 826 978 849; baseline -0.001 -5"><span class='ocrx_word' id='word_1_261' title='bbox 221 827 314 845; x_wconf 75' lang='lat' dir='ltr'>semendis</span> <span class='ocrx_word' id='word_1_262' title='bbox 326 828 343 844; x_wconf 88' lang='lat' dir='ltr'>et</span> <span class='ocrx_word' id='word_1_263' title='bbox 355 827 373 844; x_wconf 91' lang='lat' dir='ltr'>in</span> <span class='ocrx_word' id='word_1_264' title='bbox 385 826 450 844; x_wconf 83' lang='lat' dir='ltr'>talibus</span> <span class='ocrx_word' id='word_1_265' title='bbox 462 826 502 844; x_wconf 79' lang='lat' dir='ltr'>fleri</span> <span class='ocrx_word' id='word_1_266' title='bbox 513 827 608 847; x_wconf 82' lang='lat' dir='ltr'>consuetis,</span> <span class='ocrx_word' id='word_1_267' title='bbox 624 831 656 849; x_wconf 74' lang='lat' dir='ltr'>per</span> <span class='ocrx_word' id='word_1_268' title='bbox 670 831 734 844; x_wconf 75' lang='lat' dir='ltr'>munus</span> <span class='ocrx_word' id='word_1_269' title='bbox 746 827 806 844; x_wconf 85' lang='lat' dir='ltr'>nostre</span> <span class='ocrx_word' id='word_1_270' title='bbox 817 826 871 848; x_wconf 73' lang='lat' dir='ltr'>ospiti</span> <span class='ocrx_word' id='word_1_271' title='bbox 882 831 914 844; x_wconf 88' lang='lat' dir='ltr'>suo</span> <span class='ocrx_word' id='word_1_272' title='bbox 928 827 978 848; x_wconf 82' lang='lat' dir='ltr'>impo-</span> 
     </span>
     <span class='ocr_line' id='line_1_29' title="bbox 222 853 979 876; baseline -0.001 -5"><span class='ocrx_word' id='word_1_273' title='bbox 222 855 308 871; x_wconf 87' lang='lat' dir='ltr'>sicionem</span> <span class='ocrx_word' id='word_1_274' title='bbox 319 854 445 871; x_wconf 83' lang='lat' dir='ltr'>inuestiuimus</span> <span class='ocrx_word' id='word_1_275' title='bbox 457 854 475 870; x_wconf 69' lang='lat' dir='ltr'>et</span> <span class='ocrx_word' id='word_1_276' title='bbox 486 854 592 871; x_wconf 80' lang='lat' dir='ltr'>inuesiimus</span> <span class='ocrx_word' id='word_1_277' title='bbox 604 858 635 876; x_wconf 81' lang='lat' dir='ltr'>per</span> <span class='ocrx_word' id='word_1_278' title='bbox 646 854 745 876; x_wconf 82' lang='lat' dir='ltr'>presentes:</span> <span class='ocrx_word' id='word_1_279' title='bbox 760 858 820 870; x_wconf 79' lang='lat' dir='ltr'>curum</span> <span class='ocrx_word' id='word_1_280' title='bbox 833 853 953 875; x_wconf 78' lang='lat' dir='ltr'>spiritualium</span> <span class='ocrx_word' id='word_1_281' title='bbox 964 853 979 870; x_wconf 79' lang='lat' dir='ltr'>et</span> 
     </span>
     <span class='ocr_line' id='line_1_30' title="bbox 221 879 978 903; baseline -0.001 -5"><span class='ocrx_word' id='word_1_282' title='bbox 221 881 346 903; x_wconf 76' lang='lat' dir='ltr'>temporalium</span> <span class='ocrx_word' id='word_1_283' title='bbox 357 880 392 898; x_wconf 87' lang='lat' dir='ltr'>sibi</span> <span class='ocrx_word' id='word_1_284' title='bbox 407 881 537 898; x_wconf 81' lang='lat' dir='ltr'>committentes</span> <span class='ocrx_word' id='word_1_285' title='bbox 554 880 572 897; x_wconf 89' lang='lat' dir='ltr'>in</span> <span class='ocrx_word' id='word_1_286' title='bbox 589 880 655 898; x_wconf 88' lang='lat' dir='ltr'>eodem.</span> <span class='ocrx_word' id='word_1_287' title='bbox 679 880 765 901; x_wconf 82' lang='lat' dir='ltr'>Quocirca</span> <span class='ocrx_word' id='word_1_288' title='bbox 783 879 833 897; x_wconf 86' lang='lat' dir='ltr'>vobis</span> <span class='ocrx_word' id='word_1_289' title='bbox 851 879 978 901; x_wconf 73' lang='lat' dir='ltr'>ebdomadariis</span> 
     </span>
     <span class='ocr_line' id='line_1_31' title="bbox 222 906 978 929; baseline -0.003 -4"><span class='ocrx_word' id='word_1_290' title='bbox 222 908 271 925; x_wconf 87' lang='lat' dir='ltr'>chori</span> <span class='ocrx_word' id='word_1_291' title='bbox 282 907 329 925; x_wconf 77' lang='lat' dir='ltr'>dicte</span> <span class='ocrx_word' id='word_1_292' title='bbox 341 907 415 925; x_wconf 78' lang='lat' dir='ltr'>ecclesie</span> <span class='ocrx_word' id='word_1_293' title='bbox 427 907 518 929; x_wconf 83' lang='lat' dir='ltr'>collogiate</span> <span class='ocrx_word' id='word_1_294' title='bbox 535 907 587 924; x_wconf 88' lang='lat' dir='ltr'>beate</span> <span class='ocrx_word' id='word_1_295' title='bbox 603 907 657 924; x_wconf 74' lang='lat' dir='ltr'>Mario</span> <span class='ocrx_word' id='word_1_296' title='bbox 672 906 779 927; x_wconf 81' lang='lat' dir='ltr'>Calisiensis,</span> <span class='ocrx_word' id='word_1_297' title='bbox 796 906 907 929; x_wconf 83' lang='lat' dir='ltr'>presentibus</span> <span class='ocrx_word' id='word_1_298' title='bbox 926 906 978 928; x_wconf 87' lang='lat' dir='ltr'>requi-</span> 
     </span>
     <span class='ocr_line' id='line_1_32' title="bbox 221 933 979 956; baseline -0.003 -4"><span class='ocrx_word' id='word_1_299' title='bbox 221 934 286 955; x_wconf 79' lang='lat' dir='ltr'>rendis,</span> <span class='ocrx_word' id='word_1_300' title='bbox 302 935 320 952; x_wconf 92' lang='lat' dir='ltr'>in</span> <span class='ocrx_word' id='word_1_301' title='bbox 332 935 397 952; x_wconf 83' lang='lat' dir='ltr'>virtute</span> <span class='ocrx_word' id='word_1_302' title='bbox 409 935 470 951; x_wconf 77' lang='lat' dir='ltr'>sancte</span> <span class='ocrx_word' id='word_1_303' title='bbox 482 933 583 951; x_wconf 82' lang='lat' dir='ltr'>obediencie</span> <span class='ocrx_word' id='word_1_304' title='bbox 600 934 618 951; x_wconf 87' lang='lat' dir='ltr'>ct</span> <span class='ocrx_word' id='word_1_305' title='bbox 628 933 663 951; x_wconf 91' lang='lat' dir='ltr'>sub</span> <span class='ocrx_word' id='word_1_306' title='bbox 675 934 863 951; x_wconf 76' lang='lat' dir='ltr'>excommunicacionis</span> <span class='ocrx_word' id='word_1_307' title='bbox 875 938 922 956; x_wconf 86' lang='lat' dir='ltr'>pene</span> <span class='ocrx_word' id='word_1_308' title='bbox 934 937 979 950; x_wconf 86' lang='lat' dir='ltr'>man-</span> 
     </span>
     <span class='ocr_line' id='line_1_33' title="bbox 222 960 979 983; baseline -0.003 -4"><span class='ocrx_word' id='word_1_309' title='bbox 222 961 291 982; x_wconf 70' lang='lat' dir='ltr'>damus,</span> <span class='ocrx_word' id='word_1_310' title='bbox 304 962 391 983; x_wconf 75' lang='lat' dir='ltr'>quatenus</span> <span class='ocrx_word' id='word_1_311' title='bbox 403 962 462 983; x_wconf 86' lang='lat' dir='ltr'>ipsum</span> <span class='ocrx_word' id='word_1_312' title='bbox 474 960 559 978; x_wconf 67' lang='lat' dir='ltr'>Matinium</span> <span class='ocrx_word' id='word_1_313' title='bbox 571 960 594 978; x_wconf 85' lang='lat' dir='ltr'>ad</span> <span class='ocrx_word' id='word_1_314' title='bbox 605 960 673 978; x_wconf 86' lang='lat' dir='ltr'>dictum</span> <span class='ocrx_word' id='word_1_315' title='bbox 686 960 740 978; x_wconf 81' lang='lat' dir='ltr'>altare</span> <span class='ocrx_word' id='word_1_316' title='bbox 752 960 918 983; x_wconf 81' lang='lat' dir='ltr'>possessionemque</span> <span class='ocrx_word' id='word_1_317' title='bbox 926 960 979 982; x_wconf 85' lang='lat' dir='ltr'>ipsius</span> 
     </span>
     <span class='ocr_line' id='line_1_34' title="bbox 222 986 979 1010; baseline -0.004 -4"><span class='ocrx_word' id='word_1_318' title='bbox 222 989 293 1009; x_wconf 78' lang='lat' dir='ltr'>realem,</span> <span class='ocrx_word' id='word_1_319' title='bbox 308 988 395 1006; x_wconf 75' lang='lat' dir='ltr'>actualem</span> <span class='ocrx_word' id='word_1_320' title='bbox 408 988 426 1005; x_wconf 90' lang='lat' dir='ltr'>et</span> <span class='ocrx_word' id='word_1_321' title='bbox 437 987 544 1010; x_wconf 81' lang='lat' dir='ltr'>corporalem</span> <span class='ocrx_word' id='word_1_322' title='bbox 556 987 645 1005; x_wconf 77' lang='lat' dir='ltr'>inducatis</span> <span class='ocrx_word' id='word_1_323' title='bbox 662 988 681 1004; x_wconf 81' lang='lat' dir='ltr'>et</span> <span class='ocrx_word' id='word_1_324' title='bbox 692 987 792 1010; x_wconf 75' lang='lat' dir='ltr'>imponatis,</span> <span class='ocrx_word' id='word_1_325' title='bbox 808 987 893 1004; x_wconf 76' lang='lat' dir='ltr'>facientes</span> <span class='ocrx_word' id='word_1_326' title='bbox 910 986 946 1004; x_wconf 88' lang='lat' dir='ltr'>sibi</span> <span class='ocrx_word' id='word_1_327' title='bbox 960 986 979 1003; x_wconf 85' lang='lat' dir='ltr'>de</span> 
     </span>
     <span class='ocr_line' id='line_1_35' title="bbox 222 1011 979 1037; baseline -0.004 -4"><span class='ocrx_word' id='word_1_328' title='bbox 222 1012 304 1033; x_wconf 87' lang='lat' dir='ltr'>omnibus</span> <span class='ocrx_word' id='word_1_329' title='bbox 316 1016 335 1033; x_wconf 76' lang='lat' dir='ltr'>et</span> <span class='ocrx_word' id='word_1_330' title='bbox 345 1015 421 1036; x_wconf 82' lang='lat' dir='ltr'>singulis</span> <span class='ocrx_word' id='word_1_331' title='bbox 432 1014 525 1035; x_wconf 77' lang='lat' dir='ltr'>fructibus¹</span> <span class='ocrx_word' id='word_1_332' title='bbox 543 1011 640 1032; x_wconf 80' lang='lat' dir='ltr'>redditibus</span> <span class='ocrx_word' id='word_1_333' title='bbox 653 1015 671 1031; x_wconf 86' lang='lat' dir='ltr'>et</span> <span class='ocrx_word' id='word_1_334' title='bbox 682 1014 798 1037; x_wconf 83' lang='lat' dir='ltr'>prouentibus</span> <span class='ocrx_word' id='word_1_335' title='bbox 814 1014 832 1031; x_wconf 91' lang='lat' dir='ltr'>et</span> <span class='ocrx_word' id='word_1_336' title='bbox 843 1013 979 1031; x_wconf 84' lang='lat' dir='ltr'>obuencionibus</span> 
     </span>
     <span class='ocr_line' id='line_1_36' title="bbox 222 1040 980 1064; baseline -0.003 -5"><span class='ocrx_word' id='word_1_337' title='bbox 222 1042 311 1060; x_wconf 80' lang='lat' dir='ltr'>vniuersis</span> <span class='ocrx_word' id='word_1_338' title='bbox 322 1042 391 1064; x_wconf 78' lang='lat' dir='ltr'>integre</span> <span class='ocrx_word' id='word_1_339' title='bbox 402 1041 508 1063; x_wconf 82' lang='lat' dir='ltr'>responderi.</span> <span class='ocrx_word' id='word_1_340' title='bbox 531 1041 551 1058; x_wconf 91' lang='lat' dir='ltr'>lu</span> <span class='ocrx_word' id='word_1_341' title='bbox 563 1046 637 1063; x_wconf 84' lang='lat' dir='ltr'>quorum</span> <span class='ocrx_word' id='word_1_342' title='bbox 653 1041 732 1058; x_wconf 85' lang='lat' dir='ltr'>omnium</span> <span class='ocrx_word' id='word_1_343' title='bbox 746 1042 764 1058; x_wconf 81' lang='lat' dir='ltr'>et</span> <span class='ocrx_word' id='word_1_344' title='bbox 775 1040 886 1063; x_wconf 82' lang='lat' dir='ltr'>singulorum</span> <span class='ocrx_word' id='word_1_345' title='bbox 897 1040 954 1058; x_wconf 81' lang='lat' dir='ltr'>fidem</span> <span class='ocrx_word' id='word_1_346' title='bbox 964 1041 980 1057; x_wconf 86' lang='lat' dir='ltr'>et</span> 
     </span>
     <span class='ocr_line' id='line_1_37' title="bbox 223 1067 980 1091; baseline -0.003 -5"><span class='ocrx_word' id='word_1_347' title='bbox 223 1069 344 1087; x_wconf 82' lang='lat' dir='ltr'>testimonium</span> <span class='ocrx_word' id='word_1_348' title='bbox 356 1069 488 1091; x_wconf 81' lang='lat' dir='ltr'>premissorum,</span> <span class='ocrx_word' id='word_1_349' title='bbox 500 1069 591 1090; x_wconf 76' lang='lat' dir='ltr'>presentes</span> <span class='ocrx_word' id='word_1_350' title='bbox 603 1069 673 1085; x_wconf 73' lang='lat' dir='ltr'>nostras</span> <span class='ocrx_word' id='word_1_351' title='bbox 681 1068 777 1085; x_wconf 79' lang='lat' dir='ltr'>ereccionis</span> <span class='ocrx_word' id='word_1_352' title='bbox 785 1067 853 1085; x_wconf 81' lang='lat' dir='ltr'>litteras</span> <span class='ocrx_word' id='word_1_353' title='bbox 861 1072 892 1090; x_wconf 80' lang='lat' dir='ltr'>per</span> <span class='ocrx_word' id='word_1_354' title='bbox 900 1067 980 1084; x_wconf 82' lang='lat' dir='ltr'>iacobum</span> 
     </span>
     <span class='ocr_line' id='line_1_38' title="bbox 223 1093 980 1118; baseline -0.003 -5"><span class='ocrx_word' id='word_1_355' title='bbox 223 1096 311 1113; x_wconf 76' lang='lat' dir='ltr'>notarium</span> <span class='ocrx_word' id='word_1_356' title='bbox 323 1095 415 1118; x_wconf 82' lang='lat' dir='ltr'>publicum</span> <span class='ocrx_word' id='word_1_357' title='bbox 426 1095 558 1117; x_wconf 74' lang='lat' dir='ltr'>inirascriptum</span> <span class='ocrx_word' id='word_1_358' title='bbox 571 1095 624 1112; x_wconf 81' lang='lat' dir='ltr'>scribi</span> <span class='ocrx_word' id='word_1_359' title='bbox 642 1095 660 1112; x_wconf 81' lang='lat' dir='ltr'>ct</span> <span class='ocrx_word' id='word_1_360' title='bbox 671 1094 757 1117; x_wconf 73' lang='lat' dir='ltr'>publicari</span> <span class='ocrx_word' id='word_1_361' title='bbox 772 1094 902 1115; x_wconf 76' lang='lat' dir='ltr'>niandsuimus,</span> <span class='ocrx_word' id='word_1_362' title='bbox 920 1093 980 1111; x_wconf 79' lang='lat' dir='ltr'>nostri-</span> 
     </span>
     <span class='ocr_line' id='line_1_39' title="bbox 223 1121 980 1145; baseline -0.003 -5"><span class='ocrx_word' id='word_1_363' title='bbox 223 1128 258 1145; x_wconf 86' lang='lat' dir='ltr'>que</span> <span class='ocrx_word' id='word_1_364' title='bbox 269 1122 323 1145; x_wconf 71' lang='lat' dir='ltr'>sigiili</span> <span class='ocrx_word' id='word_1_365' title='bbox 335 1122 442 1145; x_wconf 77' lang='lat' dir='ltr'>appensione</span> <span class='ocrx_word' id='word_1_366' title='bbox 459 1122 544 1139; x_wconf 86' lang='lat' dir='ltr'>iussimus</span> <span class='ocrx_word' id='word_1_367' title='bbox 561 1122 670 1139; x_wconf 86' lang='lat' dir='ltr'>communiri.</span> <span class='ocrx_word' id='word_1_368' title='bbox 693 1122 759 1138; x_wconf 81' lang='lat' dir='ltr'>Actum</span> <span class='ocrx_word' id='word_1_369' title='bbox 776 1122 794 1138; x_wconf 88' lang='lat' dir='ltr'>et</span> <span class='ocrx_word' id='word_1_370' title='bbox 811 1121 873 1139; x_wconf 79' lang='lat' dir='ltr'>datum</span> <span class='ocrx_word' id='word_1_371' title='bbox 890 1121 908 1138; x_wconf 90' lang='lat' dir='ltr'>in</span> <span class='ocrx_word' id='word_1_372' title='bbox 925 1121 980 1138; x_wconf 77' lang='lat' dir='ltr'>castro</span> 
     </span>
     <span class='ocr_line' id='line_1_40' title="bbox 223 1147 980 1171; baseline -0.004 -4"><span class='ocrx_word' id='word_1_373' title='bbox 223 1150 283 1168; x_wconf 72' lang='lat' dir='ltr'>nostro</span> <span class='ocrx_word' id='word_1_374' title='bbox 295 1150 392 1171; x_wconf 75' lang='lat' dir='ltr'>oppamow</span> <span class='ocrx_word' id='word_1_375' title='bbox 407 1149 436 1166; x_wconf 80' lang='lat' dir='ltr'>&lt;lie</span> <span class='ocrx_word' id='word_1_376' title='bbox 447 1149 533 1166; x_wconf 80' lang='lat' dir='ltr'>vicesima</span> <span class='ocrx_word' id='word_1_377' title='bbox 550 1149 617 1166; x_wconf 84' lang='lat' dir='ltr'>mensis</span> <span class='ocrx_word' id='word_1_378' title='bbox 634 1148 678 1170; x_wconf 90' lang='lat' dir='ltr'>Iunij</span> <span class='ocrx_word' id='word_1_379' title='bbox 696 1148 740 1166; x_wconf 80' lang='lat' dir='ltr'>horn</span> <span class='ocrx_word' id='word_1_380' title='bbox 754 1153 869 1170; x_wconf 76' lang='lat' dir='ltr'>vesperorum</span> <span class='ocrx_word' id='word_1_381' title='bbox 881 1147 909 1165; x_wconf 88' lang='lat' dir='ltr'>vel</span> <span class='ocrx_word' id='word_1_382' title='bbox 926 1147 980 1170; x_wconf 76' lang='lat' dir='ltr'>quasi,</span> 
     </span>
     <span class='ocr_line' id='line_1_41' title="bbox 224 1174 980 1198; baseline -0.004 -4"><span class='ocrx_word' id='word_1_383' title='bbox 224 1181 270 1194; x_wconf 75' lang='lat' dir='ltr'>enno</span> <span class='ocrx_word' id='word_1_384' title='bbox 278 1176 349 1194; x_wconf 84' lang='lat' dir='ltr'>Domini</span> <span class='ocrx_word' id='word_1_385' title='bbox 358 1176 451 1194; x_wconf 87' lang='lat' dir='ltr'>millesimo</span> <span class='ocrx_word' id='word_1_386' title='bbox 459 1175 632 1198; x_wconf 69' lang='lat' dir='ltr'>quadringentesimo</span> <span class='ocrx_word' id='word_1_387' title='bbox 640 1176 729 1193; x_wconf 85' lang='lat' dir='ltr'>tricesimo</span> <span class='ocrx_word' id='word_1_388' title='bbox 736 1179 787 1195; x_wconf 88' lang='lat' dir='ltr'>nono,</span> <span class='ocrx_word' id='word_1_389' title='bbox 794 1174 893 1192; x_wconf 84' lang='lat' dir='ltr'>indiccione</span> <span class='ocrx_word' id='word_1_390' title='bbox 899 1174 980 1194; x_wconf 64' lang='lat' dir='ltr'>secunda,</span> 
     </span>
     <span class='ocr_line' id='line_1_42' title="bbox 223 1201 980 1226; baseline -0.004 -5"><span class='ocrx_word' id='word_1_391' title='bbox 223 1203 338 1226; x_wconf 75' lang='lat' dir='ltr'>pontificatus</span> <span class='ocrx_word' id='word_1_392' title='bbox 350 1203 458 1220; x_wconf 74' lang='lat' dir='ltr'>sanctissimi</span> <span class='ocrx_word' id='word_1_393' title='bbox 470 1203 489 1220; x_wconf 89' lang='lat' dir='ltr'>in</span> <span class='ocrx_word' id='word_1_394' title='bbox 500 1202 570 1220; x_wconf 82' lang='lat' dir='ltr'>Christo</span> <span class='ocrx_word' id='word_1_395' title='bbox 582 1202 636 1225; x_wconf 77' lang='lat' dir='ltr'>patris</span> <span class='ocrx_word' id='word_1_396' title='bbox 649 1203 667 1219; x_wconf 90' lang='lat' dir='ltr'>et</span> <span class='ocrx_word' id='word_1_397' title='bbox 678 1201 745 1219; x_wconf 87' lang='lat' dir='ltr'>domini</span> <span class='ocrx_word' id='word_1_398' title='bbox 757 1202 817 1222; x_wconf 82' lang='lat' dir='ltr'>nostri,</span> <span class='ocrx_word' id='word_1_399' title='bbox 830 1201 897 1219; x_wconf 89' lang='lat' dir='ltr'>domini</span> <span class='ocrx_word' id='word_1_400' title='bbox 907 1201 980 1223; x_wconf 83' lang='lat' dir='ltr'>Eugenii</span> 
     </span>
     <span class='ocr_line' id='line_1_43' title="bbox 224 1227 980 1253; baseline -0.003 -6"><span class='ocrx_word' id='word_1_401' title='bbox 224 1230 285 1248; x_wconf 78' lang='lat' dir='ltr'>diuina</span> <span class='ocrx_word' id='word_1_402' title='bbox 296 1230 410 1253; x_wconf 78' lang='lat' dir='ltr'>prouidencin</span> <span class='ocrx_word' id='word_1_403' title='bbox 422 1234 467 1252; x_wconf 73' lang='lat' dir='ltr'>pape</span> <span class='ocrx_word' id='word_1_404' title='bbox 479 1230 537 1252; x_wconf 74' lang='lat' dir='ltr'>quarti</span> <span class='ocrx_word' id='word_1_405' title='bbox 549 1234 594 1247; x_wconf 81' lang='lat' dir='ltr'>enno</span> <span class='ocrx_word' id='word_1_406' title='bbox 606 1234 657 1246; x_wconf 89' lang='lat' dir='ltr'>nono.</span> <span class='ocrx_word' id='word_1_407' title='bbox 681 1228 794 1246; x_wconf 81' lang='lat' dir='ltr'>Presentibus</span> <span class='ocrx_word' id='word_1_408' title='bbox 809 1228 876 1246; x_wconf 82' lang='lat' dir='ltr'>ibidem</span> <span class='ocrx_word' id='word_1_409' title='bbox 887 1227 980 1245; x_wconf 79' lang='lat' dir='ltr'>venerabili</span> 
     </span>
     <span class='ocr_line' id='line_1_44' title="bbox 224 1254 980 1277; baseline -0.004 -2"><span class='ocrx_word' id='word_1_410' title='bbox 224 1258 242 1275; x_wconf 84' lang='lat' dir='ltr'>et</span> <span class='ocrx_word' id='word_1_411' title='bbox 249 1257 380 1275; x_wconf 79' lang='lat' dir='ltr'>honorabilibus</span> <span class='ocrx_word' id='word_1_412' title='bbox 388 1257 436 1277; x_wconf 79' lang='lat' dir='ltr'>viris,</span> <span class='ocrx_word' id='word_1_413' title='bbox 449 1256 532 1274; x_wconf 76' lang='lat' dir='ltr'>dominis:</span> <span class='ocrx_word' id='word_1_414' title='bbox 552 1256 620 1274; x_wconf 73' lang='lat' dir='ltr'>Thoma</span> <span class='ocrx_word' id='word_1_415' title='bbox 628 1256 649 1273; x_wconf 89' lang='lat' dir='ltr'>de</span> <span class='ocrx_word' id='word_1_416' title='bbox 657 1256 776 1277; x_wconf 77' lang='lat' dir='ltr'>Strza-mpino,</span> <span class='ocrx_word' id='word_1_417' title='bbox 788 1255 899 1273; x_wconf 80' lang='lat' dir='ltr'>decretorum</span> <span class='ocrx_word' id='word_1_418' title='bbox 906 1254 980 1274; x_wconf 84' lang='lat' dir='ltr'>doctore,</span> 
     </span>
     <span class='ocr_line' id='line_1_45' title="bbox 224 1282 980 1305; baseline -0.005 -3"><span class='ocrx_word' id='word_1_419' title='bbox 224 1284 327 1305; x_wconf 76' lang='lat' dir='ltr'>Gneznensi,</span> <span class='ocrx_word' id='word_1_420' title='bbox 346 1284 417 1301; x_wconf 83' lang='lat' dir='ltr'>Simone</span> <span class='ocrx_word' id='word_1_421' title='bbox 434 1283 526 1301; x_wconf 72' lang='lat' dir='ltr'>Culisiensi</span> <span class='ocrx_word' id='word_1_422' title='bbox 543 1283 632 1301; x_wconf 86' lang='lat' dir='ltr'>canonicis</span> <span class='ocrx_word' id='word_1_423' title='bbox 648 1284 666 1300; x_wconf 86' lang='lat' dir='ltr'>et</span> <span class='ocrx_word' id='word_1_424' title='bbox 678 1282 731 1300; x_wconf 78' lang='lat' dir='ltr'>Paulo</span> <span class='ocrx_word' id='word_1_425' title='bbox 743 1282 765 1300; x_wconf 83' lang='lat' dir='ltr'>de</span> <span class='ocrx_word' id='word_1_426' title='bbox 776 1283 894 1300; x_wconf 71' lang='lat' dir='ltr'>Stamiscmaew</span> <span class='ocrx_word' id='word_1_427' title='bbox 904 1282 980 1299; x_wconf 68' lang='lat' dir='ltr'>almi-ista</span> 
     </span>
     <span class='ocr_line' id='line_1_46' title="bbox 224 1309 913 1334; baseline -0.004 -5"><span class='ocrx_word' id='word_1_428' title='bbox 224 1312 242 1329; x_wconf 88' lang='lat' dir='ltr'>in</span> <span class='ocrx_word' id='word_1_429' title='bbox 255 1311 303 1329; x_wconf 78' lang='lat' dir='ltr'>dicta</span> <span class='ocrx_word' id='word_1_430' title='bbox 314 1310 389 1328; x_wconf 77' lang='lat' dir='ltr'>ecclesia</span> <span class='ocrx_word' id='word_1_431' title='bbox 401 1310 498 1331; x_wconf 74' lang='lat' dir='ltr'>Calisieusi,</span> <span class='ocrx_word' id='word_1_432' title='bbox 511 1310 586 1327; x_wconf 79' lang='lat' dir='ltr'>testibus</span> <span class='ocrx_word' id='word_1_433' title='bbox 599 1309 621 1327; x_wconf 81' lang='lat' dir='ltr'>ad</span> <span class='ocrx_word' id='word_1_434' title='bbox 633 1310 721 1334; x_wconf 62' lang='lat' dir='ltr'>promissa</span> <span class='ocrx_word' id='word_1_435' title='bbox 732 1309 800 1327; x_wconf 71' lang='lat' dir='ltr'>vocatis</span> <span class='ocrx_word' id='word_1_436' title='bbox 813 1310 830 1326; x_wconf 77' lang='lat' dir='ltr'>et</span> <span class='ocrx_word' id='word_1_437' title='bbox 841 1309 913 1331; x_wconf 71' lang='lat' dir='ltr'>rogatis.</span> 
     </span>
    </p>
   </div>
  </div>
 </body>
</html>
