1040 1506
179 87 213 104 340

179 136 274 153 terciarum
285 135 314 153 uel
326 136 381 157 quasi,
397 136 417 153 in
434 135 472 153 sala
487 135 550 153 domus
561 135 678 153 habitacionis
697 135 806 153 serenissimi
822 135 906 157 principis
922 135 940 152 et

179 162 251 183 domini,
271 162 338 179 domini
348 162 450 180 Allexandri
469 161 519 179 ducis
533 162 631 183 Massowie,
650 162 669 179 in
681 162 716 180 mei
727 162 790 184 notari]
809 161 876 184 publici
886 161 939 179 inira·

179 189 240 211 scripti
252 189 360 211 testiumque
376 189 529 211 infrascriptarum
541 188 563 206 ad
574 188 608 206 hec
621 189 713 211 presencia
730 189 831 210 rogatorum
842 189 860 206 et
870 189 939 205 vocato-

180 220 224 237 rum,
237 216 343 233 constitutus
354 215 434 238 prefatus
446 216 519 233 illustris
531 216 613 238 princeps
621 217 639 233 et
646 215 732 236 dominus,
745 215 827 233 dominus
835 214 940 232 Allexander

179 242 212 259 Dei
223 243 284 264 gracia
295 242 330 260 dux
345 242 438 260 Massowie
454 247 523 260 necnon
539 243 639 265 prepositus
656 243 718 260 sancte
735 242 809 259 ecclesie
826 241 939 262 Gneznensis,

179 273 212 286 suo
224 270 241 286 et
253 269 299 286 dicte
311 274 343 287 sue
354 270 464 292 prepositure
476 269 584 287 Gneznensis
592 269 698 290 nominibus,
711 268 818 292 acceptando
830 269 848 286 et
859 273 880 286 ex
892 269 940 285 certa

179 301 212 313 sua
223 296 301 313 sciencia
312 295 417 313 ratificando
435 301 456 313 ac
467 296 589 318 gratificando,
605 297 678 318 rataque
690 296 708 313 et
719 296 770 318 grata
787 294 868 313 habendo
880 295 939 313 omnia

180 323 197 340 et
208 322 279 344 singula
290 322 373 345 capitula,
385 322 473 343 conclusa,
485 324 542 345 pacta,
554 323 624 346 placita,
636 322 717 341 ordinata
728 323 746 340 et
757 322 843 345 disposita
855 321 883 339 die
893 322 938 339 vice-

179 349 225 366 sima
236 349 299 371 quinta
309 350 376 367 mensis
387 349 453 372 Aprilis
465 350 507 367 anni
522 350 609 372 presentis
621 349 720 367 Gneznensi
737 350 756 367 in
767 349 843 372 capitulo
861 348 938 371 generali

179 381 211 398 per
222 376 346 394 wenerabilem
356 377 415 394 virum
427 376 518 394 dominum
529 376 634 394 Michaelem
645 376 754 399 prepositum
766 376 840 394 ecclesie
847 375 939 397 collegiata

180 403 236 420 sancti
248 402 338 420 Michaelis
355 403 374 420 in
392 404 477 424 chzslw.
495 404 627 426 procuratorem
643 408 697 421 suum
712 403 819 425 legittimum
837 403 855 420 et
871 402 894 420 ad
905 402 939 419 hoc

179 430 279 452 specialiter
296 430 417 451 constitutum,
439 435 460 448 ex
475 435 515 450 vna.
535 431 553 448 et
568 430 674 448 wenerabile
691 430 786 453 capitulum
805 429 852 447 dicte
865 428 938 446 ecclesie

180 456 288 474 Gneznensis
306 456 327 474 de
339 457 357 474 et
368 462 421 479 super
436 457 542 480 prouisione,
552 457 676 480 disposicione
695 457 713 474 et
729 456 841 474 ordinacione
852 456 938 476 villarum,

180 483 277 504 domorum,
289 484 367 501 ortorum
379 484 396 501 et
408 489 493 504 arearum,
505 489 540 506 que
551 484 641 501 communi
652 483 737 502 vocabulo
749 483 833 506 prepositi
841 483 859 500 et
866 482 939 505 capituli

180 509 287 528 Gneznensis
301 511 430 533 nuncupantur,
445 510 552 533 vbicumque
564 511 702 528 consistencium
713 511 763 533 parte
778 510 800 528 ab
813 510 872 530 altera,
887 509 939 532 prout

179 537 198 554 in
209 537 256 554 notis
267 538 285 554 et
296 537 409 559 prothocollis
422 542 442 555 ac
457 538 580 555 instrumentis
595 537 671 560 desuper
685 537 768 555 hincinde
782 536 856 559 pettitis,
872 536 939 558 rogatis

180 564 198 581 et
209 563 294 581 consectis
311 568 343 586 per
360 564 509 587 circumspectum
524 565 587 585 virum,
604 565 710 587 magistrum
721 563 811 582 And-ream
822 563 904 585 Bogussii
917 562 939 580 de

180 590 263 612 Cro-tyno,
276 590 359 608 clericum
370 590 524 608 Wladislauiensis
536 591 616 612 diocesis,
628 591 717 609 notarium
727 590 819 614 publicum
831 591 848 608 et
860 590 939 608 actorum

179 617 198 634 in
210 617 286 640 capitulo
299 617 397 635 Gneznensi
408 617 490 639 scribam,
502 617 572 640 plenius
584 618 701 639 continentur,
713 617 736 635 ad
746 617 804 638 robur,
819 617 939 634 confirmacio-

179 648 220 661 nem
232 645 250 661 et
262 645 416 662 consumacionem
426 645 530 667 perpetuam
545 645 598 667 atque
612 649 675 667 pacem
686 649 739 667 super
754 644 789 667 hijs
801 644 939 665 memoriamque

179 671 305 693 sempiternam
323 671 469 693 consequendam,
487 671 569 689 omnibus
583 671 684 689 melioribus
696 671 758 692 modis,
775 671 810 692 via,
827 670 884 688 ior-ma
895 670 938 687 iuris

180 698 197 714 et
209 697 341 718 consuetudine,
353 697 418 720 quibus
429 698 487 720 potuit
498 699 516 716 et
527 698 589 716 debuit
600 703 621 716 ac
628 699 686 721 potest
694 699 712 715 et
719 698 776 719 debet,
788 697 836 718 tecit,
848 697 939 715 constituit

179 724 196 741 et
207 724 327 747 sollempniter
339 724 427 742 ordinauit
438 725 527 747 prefatum
538 725 663 742 wsnerabilem
670 726 728 742 virum
736 725 828 742 dominum
835 723 938 742 Michaelem

178 751 286 774 prepositum
298 751 371 769 ecclesie
383 751 474 774 collegiata
487 752 545 769 sancti
556 751 646 770 Michaelis
657 752 677 769 in
687 752 773 773 Ploczsko,
788 751 880 769 absentem
891 752 935 768 tam-

180 783 234 800 quam
248 779 349 800 presentem
366 779 385 796 in
402 783 455 796 suum
466 784 528 796 verum
545 780 563 796 et
578 779 685 801 legittimum
702 780 838 802 procuratorem,
856 779 938 799 actorem,

179 804 264 822 tectorem
276 806 294 822 et
305 806 394 827 gestorem
405 810 477 823 suorum
489 806 607 828 negociorum,
619 805 708 823 sindicum
720 811 740 823 ac
751 806 836 823 nuncium
844 805 939 828 specialem

180 832 197 848 et
215 831 321 853 generalem,
340 832 365 849 ita
383 833 448 853 tamen,
468 832 515 855 quod
535 833 641 855 generalitas
660 833 765 855 specialitati
782 837 817 850 non
834 832 906 855 deroget
921 833 939 850 et

179 863 189 875 e
201 859 269 876 contre:
287 858 332 876 dans
347 860 365 876 et
376 859 474 877 concedens
492 859 538 877 dicto
555 865 587 877 suo
598 860 707 883 procuratori
718 860 791 882 plenum
803 859 906 877 mandatum
918 862 939 877 ac

179 884 252 902 liberam
265 886 283 903 et
294 885 413 903 omnimodam
424 887 535 908 potestatem,
553 887 572 904 in
589 886 671 904 omnibus
683 887 700 904 et
711 886 786 909 singulis
799 887 862 907 causis,
880 886 938 909 displi-

179 912 245 934 cenciJs
263 913 281 929 et
292 913 417 935 controuersijs
431 913 572 936 quibuscumque
587 914 633 931 inter
647 914 707 936 ipsum
718 914 736 931 et
747 914 876 937 preposituram
887 918 939 931 suam

179 938 276 961 predictam
288 940 380 957 occasione
392 944 543 962 quorumcumque
555 940 665 961 arbitrorum,
682 941 813 958 sentenciarum
830 941 848 958 et
863 945 938 963 pronun-

179 966 283 987 ciacionuin,
301 966 386 984 hactenus
402 966 477 984 ior-sitan
488 967 564 985 latorum
575 968 593 985 et
604 967 709 988 habitorum,
726 972 747 985 ex
758 972 794 985 vna
805 968 823 985 et
834 967 938 985 wenerabile

179 992 277 1015 capitulum
289 993 362 1010 ecclesie
374 993 482 1011 Gneznensis
493 994 572 1016 predict-e
584 994 606 1012 de
617 995 635 1012 et
646 999 699 1017 super
711 994 806 1012 collacione
814 995 832 1012 et
838 995 938 1017 prouisione

179 1024 200 1036 ac
216 1019 333 1042 disposicione
350 1020 437 1037 dictarum
452 1020 539 1041 villarum,
559 1020 656 1042 domorum,
672 1022 750 1039 ortorum
766 1022 784 1039 et
801 1026 886 1042 arearum,
904 1026 938 1043 que

179 1045 224 1067 ville,
237 1046 305 1067 domus,
322 1047 355 1064 orti
372 1047 389 1064 et
406 1052 445 1064 aree
463 1048 580 1065 communiter
596 1048 668 1070 capituli
680 1048 793 1069 Gneznensis,
809 1048 829 1065 vt
845 1048 937 1071 prefertur,

179 1074 308 1095 nuncupantur,
326 1074 344 1091 in
362 1073 502 1096 quibuscumque
517 1074 561 1092 lucis
579 1075 597 1092 et
611 1074 720 1093 districtibus
736 1076 839 1096 consistant,
855 1076 905 1098 parte
917 1080 938 1092 ex

179 1099 239 1120 altera,
251 1100 356 1118 iudicialiter
368 1100 397 1118 uel
409 1100 563 1118 extreiudicialiter
574 1102 665 1119 suscitatis
677 1103 695 1119 et
707 1103 777 1123 exortis,
789 1102 846 1120 eciam
858 1103 873 1119 si
885 1107 938 1125 super

179 1126 245 1144 eisdem
258 1132 317 1145 coram
328 1132 439 1149 quocumque
450 1133 482 1145 seu
494 1128 635 1151 quibuscumque
648 1128 706 1146 iudice
720 1134 752 1147 seu
767 1129 855 1147 iudicibus
870 1128 937 1147 ordina-

178 1154 210 1176 rijs
221 1154 250 1171 uel
262 1153 353 1176 delegatis,
365 1154 383 1171 in
395 1155 444 1172 curia
455 1154 534 1172 Romana
546 1156 563 1172 et
575 1156 628 1176 extra,
644 1160 712 1173 necnon
724 1157 846 1179 commisarijs,
862 1156 937 1177 arbitrie,

179 1180 311 1198 arbitraton'bus
323 1181 341 1198 et
353 1181 474 1199 amicabilibus
492 1182 637 1204 compositoribus
654 1182 676 1200 lis
692 1183 769 1205 pendeat
779 1182 863 1204 indecisa,
881 1183 937 1201 eciam

178 1207 193 1224 si
205 1212 259 1230 super
271 1207 337 1225 eisdem
348 1208 367 1225 in
379 1209 415 1225 toto
426 1208 455 1226 uel
467 1209 485 1226 in
497 1210 547 1231 parte
558 1210 648 1227 sentencie
656 1209 751 1227 diiiinitiue
763 1210 842 1228 iudicum
853 1210 881 1228 uel
893 1210 937 1228 arbi-

179 1235 251 1254 trorum,
270 1234 394 1252 arbitratorum
409 1236 427 1252 et
444 1235 564 1254 amicabilium
581 1237 718 1259 compositorum
729 1241 881 1259 quorumcumque
891 1237 937 1254 inter

178 1261 237 1283 ipsum
253 1262 284 1278 aut
301 1266 423 1284 quoscumque
439 1262 482 1280 alios
500 1267 541 1280 suos
559 1262 691 1285 predecessores
708 1263 797 1281 ordinaria
812 1264 841 1282 uel
857 1263 938 1286 delegata

178 1288 282 1305 auctoritate
290 1288 325 1306 late
333 1289 369 1306 sint
380 1288 402 1306 de
413 1293 464 1310 nouo,
477 1289 499 1307 de
513 1290 548 1307 alto
559 1291 577 1307 et
588 1290 640 1307 basso
652 1291 671 1308 in
683 1290 762 1311 arbitros,
774 1290 878 1311 laudatores,
891 1290 937 1308 diiii—

179 1315 243 1332 nitores
256 1316 273 1332 et
285 1315 386 1333 amicabiles
398 1317 530 1339 compositores,
542 1317 625 1340 ipsosque
637 1317 716 1338 arbitros,
728 1317 845 1338 arbit-ratores,
859 1318 936 1336 laudato-
