1040 1506
163 89 197 106 332

161 138 199 155 355.
225 138 273 154 1422,
285 136 313 154 die
326 138 351 154 12.
364 137 430 154 mensis
441 136 491 157 Iunii,
503 136 588 154 Gnesnae.

241 190 349 208 Wladislaus
361 190 380 207 Π.
397 195 427 207 rex
443 190 525 207 Poloniae
544 189 616 211 nobiles,
634 190 730 211 terrigenas
747 190 765 207 et
780 189 847 207 incolas
863 190 919 207 terrae

162 217 295 235 Wschoviensis
307 216 329 234 de
340 217 378 234 iure
389 216 455 234 feudali
466 217 485 234 in
496 217 525 234 lus
536 216 638 237 Polonicum
649 216 737 234 transfert.

241 270 261 288 In
280 271 351 288 nomIne
369 270 441 288 DomIni
457 275 513 288 amen.
537 270 565 288 Ad
582 271 684 293 perpetuam
701 270 727 287 rei
744 270 852 287 memoriam.
875 269 919 287 Cum

162 297 254 315 hominum
265 298 350 315 memoria
363 297 400 315 solo
412 298 538 319 scripturarum
550 298 568 314 et
579 297 651 314 testium
662 297 767 319 pascitur(s)
779 296 844 317 oflieio,
856 297 920 314 eunota

162 329 220 341 rerum
232 324 306 346 negocia
319 324 407 341 tutissime
422 324 520 341 litterarum
535 324 629 341 munimini
641 323 779 341 committuntm.
802 323 876 341 Proinde
887 328 920 340 nos

163 350 271 368 Wladislaus
282 350 315 368 Dei
327 351 387 373 gracia
398 356 428 368 rex
439 350 515 371 Polonie,
527 355 595 368 necnon
606 351 693 368 terrarum
705 350 793 370 Cracouie,
806 350 919 371 Sandumirie,

163 377 240 400 Syradie,
257 377 343 398 Laneion,
360 377 437 398 Guiauie,
455 377 588 399 Lythuanieque
605 377 686 399 princeps
698 381 796 399 supremus,
813 376 919 397 Pomeranie,

162 404 259 426 Russieque
271 404 353 429 dominus
365 404 382 421 et
393 403 449 425 heres,
461 403 584 426 significamus
596 404 656 421 tenore
667 404 782 426 presencium,
795 403 859 425 quibus
871 408 920 426 expe-

162 431 193 452 dit,
205 431 297 451 vniuersis.
312 431 423 453 presentibus
437 431 455 448 et
466 430 536 451 futuris,
551 431 663 453 presencium
674 431 758 448 noticiam
772 430 864 451 habituris,
880 435 920 452 quo-

163 457 214 475 modo
226 457 342 478 attendentes,
357 458 405 479 regie
416 458 514 475 maiestatis
526 458 569 475 tuno
579 457 627 475 same
639 457 675 474 alta
686 457 752 474 clarere
763 457 845 479 preconia
857 457 874 474 et
886 457 920 474 cul-

163 489 204 501 men
215 484 274 506 regale
285 484 376 507 proficere,
391 484 434 501 dum
445 484 521 501 subditis
533 484 570 501 suis
585 484 634 506 regia
645 483 762 501 mansuetudo
774 483 857 506 dignatur
868 488 921 501 onera

163 511 252 528 remittere
263 512 281 528 et
292 511 402 528 liberalitatis
413 516 445 528 sue
457 510 546 528 interdum
557 510 645 528 beneficia
656 510 707 528 donis
718 511 777 532 gracie
786 510 888 531 subuenire;
900 515 920 527 ex

163 537 196 555 hoc
208 538 256 555 enim
267 538 341 555 thronus
352 537 443 555 roboratur
459 538 518 559 regius
530 538 548 555 et
560 538 623 555 crescit
638 538 702 559 iugiter
717 537 789 555 deuocio
801 537 820 554 in
831 537 920 557 subiectis,

163 564 251 582 desideria
262 569 331 586 quoque
343 564 467 586 obsequiorum
478 569 518 582 curn
531 565 638 581 incremento
648 564 692 581 fidei
699 563 836 581 increbrescunt.
859 563 922 581 Volen-

163 592 190 608 tes
202 591 262 613 itaque
278 591 345 608 nubiles
356 591 454 613 terrigenas
470 592 488 608 et
504 591 571 608 incolas
589 591 634 608 terre
651 592 710 608 nostre
722 590 861 611 Wschouiensis,
878 595 921 612 quos

164 618 214 635 nobie
225 617 278 640 plena
289 617 335 635 tides
346 617 482 638 recommendat,
494 618 593 639 graciarum
605 618 705 635 nostrarum
717 617 799 639 amplecti
806 617 890 637 vbertate,
902 618 921 634 vt

164 644 206 661 dum
223 649 254 661 eos
271 644 384 666 amplioribus
402 644 453 662 donis
469 645 528 661 nostre
548 644 672 662 munificencie
688 644 807 666 preuenimus,
824 643 921 661 fecundiori

164 670 222 688 studio
234 670 257 688 ad
268 671 344 688 seruicia
355 671 415 688 nostra
428 675 549 693 provocemus,
565 670 587 688 ad
598 671 694 693 peticiones
706 671 784 693 ipsorum
796 671 814 688 et
825 671 921 688 instancia-s

164 698 257 715 continuas
268 697 316 720 ipsos
328 702 339 715 a
350 698 388 715 iure
399 697 465 715 teudali
481 698 499 715 et
514 698 570 720 ipsius
582 697 663 715 omnibus
675 697 813 718 condicionibus,
829 697 921 719 obligacio—

164 724 216 741 nibus
228 725 246 741 et
257 724 419 745 consuetudinibus,
432 724 523 746 modisque
534 724 627 745 vniuersis,
639 729 673 746 quo
686 725 703 741 et
714 724 733 741 in
744 724 808 746 quibus
821 723 843 741 ab
851 724 921 746 antiquo

165 752 183 769 et
194 751 280 769 hactenus
291 750 342 768 nobis
354 752 371 768 et
383 751 447 768 nostris
459 750 612 774 predecessoribus
623 751 719 773 paruerunt
731 751 748 768 et
760 751 868 771 manserunt,
883 755 922 768 con-

164 778 203 795 silio
214 778 314 795 nostrorum
325 778 432 800 prelatorum
449 778 467 795 et
477 777 568 798 baronum,
586 777 609 795 ad
620 777 654 795 hoc
665 778 715 795 nobis
727 777 827 800 specialiter
838 777 921 798 adhibito,

164 805 278 825 absoluimus,
295 804 391 822 liberamus
407 805 425 822 et
441 805 501 822 tenore
516 805 628 827 presencium
640 805 738 822 eximimus.
761 804 844 822 Volentes
856 805 874 821 et
885 809 922 826 pre-

164 832 219 848 sentis
231 831 318 854 priuilegij
331 831 392 848 robore
404 831 523 852 decernentes,
539 832 559 849 vt
570 836 639 848 exnunc
654 832 671 848 et
684 831 703 848 in
715 832 767 848 antea
778 831 868 853 perpetuis
879 832 922 848 tem-

164 858 235 880 poribus
249 857 338 875 duraturis
349 857 510 878 omnibusiuribus,
522 858 679 879 iurisdiccionibus,
692 857 854 878 consuetudinibus,
866 857 922 875 modi-s

164 885 186 907 iis
205 886 223 902 et
238 885 321 905 moribus,
339 884 403 907 quibus
423 884 490 902 nobiles
508 885 595 906 terrigeno
615 886 633 902 et
650 884 706 902 incole
721 885 808 902 terrarum
823 885 923 902 nostrarum

164 911 234 929 Maioris
250 911 321 929 Polonie
339 912 376 928 tam
388 916 408 928 ex
423 912 484 929 nostre
495 912 612 932 concessione,
629 916 683 933 quam
695 916 715 928 ex
727 911 802 928 aliorum
813 911 923 933 predecesso-

164 943 203 955 rum
215 939 315 955 nostrorum
326 938 352 955 vti
359 938 498 958 ‘consueueruntt
511 939 529 955 et
538 939 572 960 ipsi
580 939 656 959 vtantur,
668 938 758 960 gaudeant
768 938 832 960 iugiter
839 939 857 955 et
864 937 922 955 iruan-

164 966 193 982 tur
204 965 243 982 siue
254 965 273 982 in
284 965 431 985 successionibus,
447 965 485 982 siue
496 965 515 982 in
531 964 606 987 iudicijs,
622 965 660 982 siue
671 965 690 982 in
702 965 742 987 alijs
753 964 821 982 iuribus
834 965 851 982 et
863 969 923 982 eorum

165 992 255 1014 exerciciis
267 991 413 1014 quibuscumque
436 991 488 1009 Porro
503 992 650 1014 quociescumque
662 996 725 1009 causas
737 992 755 1009 et
766 992 867 1014 questiones
879 991 923 1009 iudi-

165 1023 194 1035 ces
211 1018 289 1040 ipsorum
307 1018 403 1040 generales,
421 1023 452 1041 per
468 1019 547 1036 nostram
559 1019 669 1036 maiestatem
680 1018 709 1036 vel
726 1019 795 1036 nostros
812 1023 923 1036 successores

165 1045 208 1067 ipsis
220 1049 268 1062 more
280 1045 354 1062 aliarum
366 1046 452 1062 terrarum
463 1045 513 1067 regni
531 1045 586 1062 nostri
604 1045 657 1062 dandi
674 1046 692 1063 et
710 1045 733 1062 ad
749 1050 809 1063 eorum
826 1050 889 1062 causas
906 1046 923 1062 et

164 1071 230 1088 iudicia
242 1071 349 1093 assignandi,
362 1071 440 1089 diffinire
451 1071 581 1094 quomodolibet
592 1072 708 1094 nequiuerint,
721 1071 744 1089 ad
755 1071 832 1089 iudicem
843 1072 923 1089 nostrum

165 1099 183 1115 et
193 1098 278 1115 iudicium
286 1098 370 1116 Coetense
376 1098 433 1121 plane,
446 1098 553 1121 simpliciter,
566 1100 604 1116 sine
615 1098 667 1116 modo
678 1099 810 1121 prouocacionis
822 1103 854 1116 seu
866 1098 923 1121 appel-

164 1125 237 1142 laeionis
256 1129 288 1147 pro
306 1124 399 1145 decisione,
422 1125 532 1142 diiiinicione
551 1126 569 1142 et
587 1125 655 1143 meliori
676 1125 803 1143 insormaoione
822 1124 923 1143 huiusmodi

164 1152 277 1173 questionum
288 1152 306 1169 et
318 1156 411 1169 causarum
422 1153 517 1169 recurrant.
541 1151 646 1174 Quiquidem
661 1151 713 1169 iudex
728 1157 759 1174 pro
775 1152 877 1174 cognicione
888 1151 923 1169 dic-

165 1180 223 1196 tarum
235 1179 347 1200 questionum
359 1179 377 1195 et
388 1183 487 1199 causarum,
503 1179 542 1196 siue
553 1183 584 1201 pro
596 1179 666 1199 notulis,
682 1179 720 1196 siue
731 1183 763 1201 pro
774 1178 838 1196 litteris
850 1179 881 1196 aut
891 1183 923 1201 pro

165 1205 261 1227 sentenciis
273 1210 304 1222 seu
316 1205 451 1226 memorialibus,
467 1206 485 1223 et
497 1206 550 1223 ceteri
566 1205 651 1223 officiales
664 1210 725 1223 secum
736 1206 754 1222 in
766 1205 831 1223 iudicio
843 1205 923 1223 Costensi

165 1231 279 1254 presidentes,
296 1231 349 1249 nichil
365 1232 435 1254 penitus
449 1232 471 1249 ab
486 1232 530 1254 ipsis
542 1232 629 1254 requirere
641 1233 659 1249 et
670 1232 739 1254 exigere
750 1233 848 1250 teneantur.
871 1231 923 1249 Nolu-

166 1263 205 1275 mus
217 1259 281 1279 autem,
293 1259 312 1276 vt
324 1259 388 1281 aliquis
400 1260 492 1276 extraneus
504 1259 532 1276 vel
544 1259 687 1281 aligenigena(s),
699 1259 731 1276 sed
743 1259 829 1277 duntaxat
840 1259 923 1281 indigena

165 1285 243 1307 ipsorum
256 1286 273 1302 et
285 1285 344 1302 accola
355 1285 422 1308 prefate
434 1287 480 1303 terre
491 1286 509 1303 et
521 1285 611 1303 districtus
621 1285 752 1306 Wschouensis,
764 1286 783 1303 in
791 1286 868 1303 iudicem
879 1286 923 1303 ordi-

166 1312 235 1329 narium
247 1313 265 1329 et
276 1313 377 1330 terrestrem
388 1312 431 1335 ipsis
442 1312 546 1335 preferatur,
559 1317 618 1330 coram
629 1317 664 1336 quo
675 1312 733 1330 iudice
744 1317 775 1336 per
782 1314 862 1330 nostram
870 1313 923 1330 maie
