1040 1506
210 86 243 102 598

209 135 247 152 618.
271 135 320 152 1438.
332 133 361 151 die
373 135 388 152 9.
400 134 467 152 mensis
479 134 526 155 Maii,
538 134 624 151 Gneenae.

290 188 401 206 Arbitrormn
413 187 524 210 quorundam
540 187 631 205 decretum
648 188 694 205 inter
709 187 835 205 scholasticum
850 187 965 206 Gnesnensem

210 215 228 232 et
238 215 333 237 perpetuos
348 215 424 232 vicarios
436 214 522 232 ecclesiae
537 214 644 232 Gnesnensis
663 214 685 232 de
701 214 764 232 balneo
783 214 860 237 quodem
877 214 900 232 ad
910 215 965 232 lecum

209 242 256 259 [cleri
267 242 306 263 sito,
318 241 368 259 litem
379 241 468 259 dirimens.

291 295 311 313 In
322 296 393 313 nomine
404 295 476 313 Domini
488 300 545 313 emen.
568 295 604 313 Nos
616 295 739 317 Przedwogius
751 295 772 313 de
784 296 860 316 Grandi,
871 296 968 318 prepositus

210 323 228 340 et
239 322 326 340 lohannes
338 322 360 340 de
372 323 481 340 Brzostkowo
493 323 555 340 centor
566 322 640 340 ecclesie
652 322 765 343 Gneznensis,
780 322 846 343 arbitri,
859 322 968 340 arbitratores

210 350 228 366 et
239 349 341 367 amicabiles
358 350 483 372 compositores
495 354 527 372 per
543 350 602 372 partes
614 349 737 372 infrascriptos
753 348 863 367 concorditer
879 350 896 367 et
907 349 968 367 vniior·

210 376 262 394 miter
273 376 325 393 electi
336 377 354 393 et
365 376 456 397 nominati,
469 376 492 394 sd
502 377 626 394 vniuersorum
633 377 736 398 perpetuam
748 375 852 393 deducimus
862 376 968 397 memoriam,

210 402 297 425 quomodo
309 402 377 420 dudum
389 408 444 421 cnuss,
455 404 503 420 motu
515 403 561 421 inter
572 402 691 420 venerabilem
703 403 721 420 et
732 402 818 420 discretos
826 403 879 423 viros,
891 402 969 420 dominos

210 429 300 447 Andresm
311 429 394 448 Mischke
405 430 519 447 scolasticum
530 435 563 447 suo
575 431 593 447 et
604 429 695 447 scolastrie
703 429 810 450 nominibus,
822 434 844 447 ex
850 434 891 450 vna,
903 434 969 447 necnon

210 457 303 474 vniuersos
315 458 409 480 perpetuos
420 457 496 474 vicarios
511 457 584 474 ecclesie
596 456 704 474 Gnezuensis
721 456 800 479 predicte
811 461 865 479 super
876 456 969 474 collacione

210 483 269 502 balnei
281 483 303 501 ed
315 483 432 501 leoniu‘Ielm
443 484 473 501 siti
485 484 503 501 et
513 484 570 506 ipsius
582 484 679 504 occasione,
697 483 777 506 partibus
789 488 811 500 ex
822 483 882 504 alters,
898 484 970 506 ipseque

210 511 269 534 partes
282 515 341 529 coi-sm
353 511 406 528 cortis
418 510 506 529 iudicibus
518 510 540 528 de
551 511 589 528 iure
601 511 680 533 ipsorum
692 510 807 533 disceptando
819 511 836 528 et
848 510 969 533 discrepando,

211 542 284 555 causam
295 538 397 555 huiusmodi
409 543 420 555 a
431 537 564 560 quampluribus
582 538 633 555 annis
650 538 722 560 propter
739 538 788 555 certe.
804 537 933 560 impedimenta
950 537 970 554 ad

211 564 284 582 finalem
296 565 426 583 conclusionem
443 565 516 582 minime
533 564 646 585 deduxerant,
663 564 735 582 taudem
746 564 857 582 cessantibus
868 564 970 582 huiusmodi

210 591 342 614 impedimentis
354 591 465 609 attendentes
477 591 539 609 eedem
550 592 610 614 partes
622 596 643 609 ex
655 591 754 613 prolixitate
772 596 825 608 cause
837 591 902 608 multos
916 591 970 608 deiec

211 619 240 636 tus
251 618 270 636 in
281 618 344 636 balneo
356 618 435 641 predicto
451 618 530 636 commiti
542 623 563 636 ex
574 618 686 640 negligencia
699 618 828 639 bslnea[torum
843 618 881 640 pro]
892 618 970 641 tempore

210 646 326 663 existencium
343 646 361 663 et
377 645 444 667 absque
460 645 572 667 necessariis,
590 645 654 667 quibus
673 644 778 665 sacerdotes,
796 644 851 662 multo
868 645 927 666 magis
939 645 970 667 ipsi

211 672 277 690 domini
288 673 350 695 vicarii
362 677 440 690 mecum
451 672 549 690 scolaribus
560 677 601 689 sum
613 685 701 689 ......
714 671 780 689 tatibus
792 676 851 689 carere
861 671 970 692 videbantur,

209 698 234 721 nd
245 700 324 717 nostrum
336 700 399 722 sponte
410 700 501 717 venientes
513 699 628 722 presenciam,
647 703 701 721 super
717 698 820 716 huiusmodi
831 698 891 716 litibus
904 699 923 715 et
934 703 971 715 con-

210 726 302 749 trouersijs
320 726 342 743 de
354 726 389 743 alto
400 726 418 743 et
429 726 482 743 basso
493 726 598 748 simpliciter
612 727 630 743 et
641 725 663 743 de
674 725 727 748 plano
739 726 757 743 in
768 730 801 743 nos
813 725 970 747 compromiserunt

211 754 229 771 et
240 753 388 776 compromissum
399 753 490 775 solempne
505 753 591 774 fecerunt,
608 753 744 770 renunoeianoes
755 752 866 770 vlterioxibus
881 752 943 769 litibus
955 753 971 769 et

212 780 361 803 appellacionibus
378 780 524 802 quibuscumque,
541 780 651 797 sentenciam
669 779 770 797 arbitralem
792 784 823 801 per
839 784 871 796 nos
888 778 970 796 hincinde

211 807 253 824 ferri
265 807 283 824 et
294 807 417 829 pronuncciarl
428 807 524 829 pecierunt.
547 807 595 824 Visis
607 807 667 828 itsque
678 806 746 824 iuribus
758 807 776 823 et
787 806 922 829 probacionibus
934 810 970 828 per-

211 834 259 851 cium
270 833 390 856 predictarum
401 834 419 851 et
430 834 474 856 ipsis
486 833 579 855 diligenter
587 833 691 856 conspectis,
704 833 790 851 discussis
798 834 816 850 et
824 832 918 855 diligenter
925 837 969 850 mes-

211 861 276 881 ticstis,
292 861 367 878 termino
378 865 448 882 quoque
464 859 487 877 ed
498 865 552 878 vnem
564 861 631 878 certam
648 860 695 878 diem
707 860 787 883 partibus
803 859 871 877 eisdem
887 859 969 877 veniendi

212 888 307 910 assignato,
324 892 370 910 pena
387 888 458 905 centum
470 887 577 905 florenorum
593 887 642 909 prius
654 887 699 904 inter
711 891 741 904 eos
752 887 823 908 vellate,
839 891 893 909 quem
904 886 969 904 ibidem

211 915 230 932 in
241 919 261 932 se
272 915 335 937 sponte
346 915 467 937 susceperunt,
479 914 534 931 talem
545 915 624 931 nostram
635 914 709 931 tulimus
721 915 739 931 et
747 913 914 936 prouunccisuimus
927 913 969 931 arbi-

211 941 275 959 tralem
282 941 396 959 sentenciam.
408 941 563 962 Pronuncciamus,
571 940 671 961 laudamus,
679 940 791 961 arbitramur,
799 940 904 961 diffinimus,
913 940 970 958 decer-

211 969 271 986 nimus
282 969 301 986 et
312 967 423 985 declaramus
438 968 575 988 institucionem,
592 968 717 990 prouisionem,
733 967 852 988 collusionem,
870 967 969 985 destitucio-

212 1000 258 1016 nem,
270 994 400 1018 deposicionem
412 995 430 1012 et
441 995 562 1017 quantumque
574 994 627 1012 eliam
639 994 781 1017 disposicionem,
793 994 924 1012 ordinacionem
936 994 969 1011 bal-

212 1022 246 1043 nei,
257 1022 340 1039 balneum
352 1021 447 1039 scolarium
459 1022 577 1039 communiter
587 1022 646 1039 vocati
658 1022 675 1038 et
687 1021 775 1043 appellati,
787 1021 842 1038 situm
854 1021 901 1038 circe
912 1021 969 1038 lacum

212 1049 280 1067 dictum
290 1050 338 1066 Ickn
349 1050 398 1066 extre
415 1053 475 1066 muros
493 1048 610 1069 Gneznenses,
627 1049 644 1065 et
659 1048 765 1065 balneatoris
777 1047 835 1065 balnei
853 1047 933 1065 eiusdem
949 1047 969 1065 ed

212 1076 301 1099 prefatum
318 1075 436 1093 venerabilem
455 1076 519 1096 virum
536 1074 628 1092 dominum
645 1075 735 1092 Audresm
752 1074 838 1095 Mischka,
857 1074 969 1093 scolasticum

212 1102 333 1121 Gneznensem
351 1107 497 1124 successoresque
514 1107 561 1123 suos,
579 1102 681 1119 scolasticos
701 1101 818 1122 Guezuenses,
836 1101 858 1119 ab
870 1102 942 1123 antiquo
953 1102 969 1118 et

213 1134 223 1147 e
234 1130 315 1152 primeue
326 1129 382 1152 ipsius
400 1129 459 1147 balnei
470 1128 577 1146 fundacione
589 1129 695 1151 pertinuisse
707 1129 725 1146 et
736 1129 832 1151 spectasse,
849 1128 969 1151 pertinereque

212 1158 230 1174 et
248 1157 329 1179 spectare
347 1156 416 1177 debere,
436 1156 528 1178 dictasque
547 1156 685 1177 institucionem,
707 1156 832 1178 prouisionem,
852 1155 968 1175 collacionem,

212 1183 352 1204 destitucionem,
370 1183 500 1206 deposicionem
517 1183 535 1200 et
551 1183 634 1205 quamuis
653 1182 706 1200 aliem
722 1182 859 1205 disposicionem
876 1181 968 1199 ordinacio

212 1215 289 1232 nemque
300 1210 358 1227 balnei
370 1210 388 1228 et
399 1209 505 1227 belneetorls
516 1209 636 1232 predictorum
648 1209 682 1227 sibi
694 1210 712 1227 et
723 1209 821 1227 scolasticis
833 1208 968 1229 Gneznensibus,

213 1237 344 1255 successoribus
356 1237 395 1255 eius
407 1236 544 1254 adiudicandum
562 1236 605 1257 sore,
622 1236 720 1254 adiudicari
731 1235 795 1254 debere
811 1237 829 1253 et
843 1235 968 1256 adiud1comus,

212 1264 316 1286 nullumque
325 1264 353 1281 ius
361 1263 463 1282 huiusmodi
470 1264 594 1284 institucionis,
606 1264 717 1286 prouislonis,
729 1263 835 1284 conscionis,
843 1263 968 1283 destitucionis,

213 1291 330 1314 deposicionis
344 1290 496 1313 ordinacionisque
513 1290 593 1308 eiusdem
609 1290 668 1308 balnei
685 1291 703 1308 et
720 1290 827 1308 balneatoris
844 1289 867 1308 ad
883 1289 967 1313 predictos

213 1318 289 1337 vicarios
300 1318 374 1336 ecclesie
386 1318 494 1339 Gnesuensis
505 1317 612 1340 pertinuisse
623 1318 642 1335 et
653 1318 743 1340 spectasse
754 1322 787 1335 nec
798 1317 886 1340 pertinere
898 1318 915 1335 et
923 1321 968 1340 speo-
